2038 3306
568 305 654 348 128
1053 314 1332 346 ΟΗΒΟΝΙΟΟΝ

373 433 536 492 {agamii
569 420 731 462 tiarius
746 431 853 461 vero
869 416 990 471 regis
1006 416 1216 460 dominus
1231 418 1494 461 Willelmus
1509 419 1565 460 de
1581 418 1824 472 Ormesby,

402 485 409 492 “
446 485 453 492 “
533 484 848 540 'praeceptum
901 483 1022 536 regis
1069 496 1367 538 prosequens,
1410 498 1566 527 omnes
1607 486 1686 538 qui
1728 485 1823 537 regi

354 538 499 598 fflffissf
569 551 751 605 Angliae
781 549 1046 591 fidelitatem
1075 549 1226 592 facere
1255 551 1497 593 noluerant
1526 551 1700 604 absque
1723 563 1824 604 per-

356 632 480 657 wnuam
568 630 783 659 sonarum
804 616 1096 657 distinctione
1117 616 1349 659 exulabat.
1410 616 1614 670 Eratque
1636 616 1823 671 quidam

356 665 497 723 ἶῖῗῖἲῗιο
567 684 687 725 latro
720 682 948 737 publicus,
971 681 1232 724 willelmus
1262 681 1483 736 Walays¹
1515 683 1711 731 nomine,
1745 682 1825 735 qui

354 731 541 789 ffissffgi'iim
568 749 725 791 multis
762 748 1044 802 temporibus
1081 748 1363 790 exulaverat.
1435 748 1529 789 Hic
1566 761 1669 789 cum
1703 752 1825 789 esset

356 798 444 823 ⁸⁰⁰¹*
569 828 717 869 vagus
731 819 778 857 et
797 814 1019 869 profugus
1042 827 1199 856 01111165
1215 814 1458 856 exulantes
1482 818 1492 836 ‘
1507 812 1826 855 convocavit’2

569 882 628 923 ad
650 893 715 931 se,
736 885 783 922 et
805 880 955 922 factus
979 886 1050 922 est
1072 881 1206 934 quasi
1229 881 1441 935 princeps
1465 893 1639 930 eorum,
1660 884 1707 921 et
1729 892 1827 921 cre-

571 952 733 990 verunt
763 947 810 988 in
847 946 1070 1001 populum
1100 946 1311 988 multum.
1381 947 1507 988 Huic
1537 946 1675 988 etiam
1701 958 1829 987 asso-

571 1014 720 1056 ciatus
752 1018 822 1054 est
852 1012 930 1054 ille
965 1012 1096 1054 miles
1126 1012 1388 1055 Willelmus
1426 1012 1624 1066 Duglas,
1660 1012 1738 1065 qui
1780 1012 1827 1052 in

572 1081 784 1134 captione
809 1079 951 1121 castri
991 1078 1048 1120 de
1092 1078 1318 1134 Berewyk
1357 1092 1407 1121 se
1445 1092 1547 1120 cum
1591 1079 1688 1120 suis
1728 1078 1827 1131 regi

573 1151 730 1188 nostro
771 1145 975 1194 dederat,
1008 1143 1140 1186 salva
1178 1146 1264 1186 sibi
1299 1145 1397 1187 vita
1434 1150 1481 1186 et
1511 1144 1741 1194 membris,
1775 1148 1829 1185 ut

573 1211 887 1265 supradictum
921 1215 1020 1262 est3
1057 1223 1190 1264 quem
1223 1224 1327 1252 cum
1366 1224 1449 1252 rex
1481 1211 1538 1252 ad
1575 1210 1728 1251 omnia
1756 1222 1830 1251 re-

574 1277 817 1327 stituisset,
859 1276 1010 1318 factus
1049 1281 1120 1318 est
1159 1277 1380 1318 bonorum
1412 1277 1666 1325 immemor,
1709 1276 1829 1317 latro

574 1343 742 1384 latroni
785 1342 1003 1392 sociatus,
1051 1341 1343 1384 liberatorem
1383 1355 1534 1392 suum,
1579 1342 1742 1383 saltem
1782 1342 1829 1382 in

575 1408 785 1459 subditis,
810 1412 823 1431 ‘
839 1408 1126 1461 persecutus’
1143 1406 1159 1429 ³
1180 1414 1250 1450 est
1273 1409 1320 1450 in
1344 1413 1553 1450 mortem.
1623 1407 1832 1461 Cumque

576 1475 783 1529 praedicti
802 1487 955 1516 comes
976 1478 1022 1515 et
1046 1474 1358 1516 thesaurarius
1381 1475 1438 1516 ad
1463 1479 1619 1528 partes
1644 1486 1833 1528 perrex-

578 1541 722 1582 issent
757 1540 999 1590 australes,
1031 1545 1084 1581 ut
1121 1541 1424 1594 parliamento
1455 1541 1577 1594 regis
1609 1541 1832 1582 interesse

578 1611 765 1660 possent
795 1606 916 1660 quod
949 1607 997 1647 111
1027 1606 1145 1648 festo
1182 1608 1330 1648 sancti
1370 1606 1497 1649 Petri
1534 1606 1592 1647 ad
1632 1606 1834 1649 Vincula

579 1672 829 1714 Londoniis
863 1672 1120 1722 tenebatur,
1166 1673 1277 1714 nihil
1311 1673 1420 1714 mali
1456 1673 1743 1726 suspicantes
1785 1672 1832 1713 111

578 1738 745 1788 Scotis,
775 1751 880 1780 ecce
910 1738 1119 1792 praedicti
1151 1738 1243 1781 duo
1278 1739 1499 1781 Willelmi
1525 1752 1629 1780 cum
1663 1738 1833 1793 populo

577 1817 792 1859 perverso
816 1805 1069 1854 venientes,
1100 1805 1346 1847 credebant
1377 1818 1425 1846 se
1455 1806 1659 1846 invenire
1698 1817 1834 1858 posse

572 1871 876 1925 justitiarium
902 1871 1024 1923 regis
1053 1871 1198 1912 nostri
1227 1872 1495 1924 praedictum
1517 1871 1639 1925 apud
1671 1871 1836 1921 Scone,

579 1937 658 1978 ubi
687 1936 1004 1991 placitaverat,
1035 1941 1081 1978 et
1108 1941 1162 1978 ut
1196 1950 1298 1978 eum
1334 1938 1608 1991 perimerent
1648 1936 1837 1978 festina-

579 2004 705 2052 bant,
746 2004 848 2056 ipse
885 2007 1039 2044 tamen
1079 2004 1380 2056 praemunitus
1421 2016 1525 2045 cum
1569 2002 1837 2045 difficultate

580 2069 744 2118 evasit,
765 2068 1027 2122 relinquens
1049 2068 1256 2110 hostibus
1279 2069 1428 2124 spolia
1447 2069 1607 2111 multa.
1655 2069 1836 2120 Quibus

579 2135 801 2184 collectis,
816 2134 916 2189 jam
937 2147 1028 2175 non
1050 2134 1096 2175 in
1117 2135 1315 2186 occulto,
1337 2140 1388 2177 ut
1411 2135 1555 2189 prius,
1580 2135 1659 2176 sed
1682 2135 1836 2188 palam

578 2204 916 2255 processerunt,
951 2200 1275 2243 concludentes
1309 2202 1356 2242 in
1391 2215 1469 2243 ore
1505 2201 1647 2255 gladii
1682 2214 1838 2243 omnes

580 2266 804 2320 Anglicos
833 2279 948 2320 quos
981 2266 1105 2308 ultra
1134 2280 1257 2309 mare
1279 2267 1445 2309 Scotiae
1466 2268 1673 2309 invenire
1702 2273 1840 2321 potu-

580 2339 729 2384 erunt,
751 2334 1030 2374 divertentes
1060 2346 1110 2374 se
1144 2338 1304 2386 postea
1336 2334 1394 2375 ad
1427 2333 1707 2375 obsidionem
1738 2339 1840 2375 cas-

581 2405 770 2441 trorum.
841 2399 1032 2440 Interim
1076 2398 1187 2440 dum
1237 2400 1352 2441 talia
1402 2404 1674 2453 gererentur
1726 2399 1843 2440 Car·

630 2529 808 2562 ¹Wallace
818 2539 890 2562 was
901 2530 957 2562 the
969 2539 1121 2569 younger
1131 2538 1192 2560 son
1226 2529 1398 2561 constable
1413 2528 1452 2560 of
1473 2528 1528 2560 the
1553 2531 1628 2568 port
1649 2528 1715 2559 and
1736 2529 1841 2560 castle

581 2577 619 2608 of
636 2578 690 2608 Sir
713 2577 874 2608 Malcolm
897 2576 1049 2608 Wallace
1071 2575 1110 2606 of
1136 2575 1194 2607 El·
1226 2576 1264 2607 of
1292 2575 1451 2616 Dundee,
1481 2574 1559 2606 who
1593 2574 1661 2606 had
1692 2575 1840 2606 insulted

580 2623 704 2663 1615116,
721 2633 800 2654 near
815 2623 967 2663 Pajsley‚
982 2622 1017 2653 in
1032 2621 1088 2653 the
1104 2620 1193 2653 shire
1226 2622 1307 2655 him.

581 2670 619 2700 of
631 2669 799 2701 Renfrew.
849 2669 905 2700 He
921 2678 1030 2700 seems
1052 2670 1086 2699 to
1108 2667 1193 2699 have
1273 2687 1287 2707 2
1315 2690 1326 2708 ι
1567 2689 1604 2720 t,
1636 2688 1699 2720 MS
1750 2687 1778 2721 C
1802 2692 1829 2720 tt

580 2716 682 2746 taken
698 2726 745 2755 up
761 2715 814 2746 his
836 2715 953 2755 roving
971 2715 1029 2746 lise
1044 2714 1080 2745 in
1097 2716 1194 2754 1295,
1226 2736 1290 2768 Tib
1339 2698 1566 2721 convocavem
1582 2712 1592 2730 ’
1703 2713 1711 2721 ⁸
1780 2699 1800 2720 ⁰
1832 2712 1842 2721 ⁶

581 2771 623 2792 on
638 2762 793 2793 occasion
808 2761 846 2792 of
865 2761 989 2802 having
1009 2760 1116 2792 killed
1136 2760 1192 2792 the
1295 2759 1303 2768 ⁸

581 2816 641 2837 son
670 2808 708 2838 of
741 2808 855 2847 Selby,
885 2817 928 2839 an
959 2806 1193 2847 Englishman,
1273 2802 1286 2822 ³
1308 2803 1553 2844 ‘prosecutus‚’
1570 2803 1646 2836 MS.
1663 2803 1751 2836 Cott.
1764 2803 1841 2836 Tib.
