<?xml version="1.0" encoding="UTF-8"?>
<!DOCTYPE html PUBLIC "-//W3C//DTD XHTML 1.0 Transitional//EN"
    "http://www.w3.org/TR/xhtml1/DTD/xhtml1-transitional.dtd">
<html xmlns="http://www.w3.org/1999/xhtml" xml:lang="en" lang="en">
 <head>
  <title>
</title>
<meta http-equiv="Content-Type" content="text/html;charset=utf-8" />
  <meta name='ocr-system' content='tesseract 3.04.00' />
  <meta name='ocr-capabilities' content='ocr_page ocr_carea ocr_par ocr_line ocrx_word'/>
</head>
<body>
  <div class='ocr_page' id='page_1' title='image "./chronicondominiw02hemiuoft/chronicondominiw02hemiuoft_0421.png"; bbox 0 0 2038 3306; ppageno 0'>
   <div class='ocr_carea' id='block_1_1' title="bbox 481 314 1470 357">
    <p class='ocr_par' dir='ltr' id='par_1_1' title="bbox 481 314 1470 357">
     <span class='ocr_line' id='line_1_1' title="bbox 481 314 1470 357; baseline 0 -1"><span class='ocrx_word' id='word_1_1' title='bbox 481 324 707 356; x_wconf 71' lang='lat' dir='ltr'>WAnrmu</span> <span class='ocrx_word' id='word_1_2' title='bbox 741 325 803 357; x_wconf 82' lang='lat' dir='ltr'>DE</span> <span class='ocrx_word' id='word_1_3' title='bbox 835 325 1211 356; x_wconf 72' lang='lat' dir='ltr'>nmimcssuncn.</span> <span class='ocrx_word' id='word_1_4' title='bbox 1383 314 1470 356; x_wconf 83' lang='lat'>407</span> 
     </span>
    </p>
   </div>
   <div class='ocr_carea' id='block_1_2' title="bbox 205 428 1689 1341">
    <p class='ocr_par' dir='ltr' id='par_1_2' title="bbox 208 428 1689 813">
     <span class='ocr_line' id='line_1_2' title="bbox 208 428 1686 496; baseline -0.002 -25"><span class='ocrx_word' id='word_1_5' title='bbox 208 429 482 482; x_wconf 85' lang='lat' dir='ltr'><strong>benignitas,</strong></span> <span class='ocrx_word' id='word_1_6' title='bbox 518 429 576 471; x_wconf 90' lang='lat' dir='ltr'>ad</span> <span class='ocrx_word' id='word_1_7' title='bbox 627 429 844 472; x_wconf 88' lang='lat' dir='ltr'>honorem</span> <span class='ocrx_word' id='word_1_8' title='bbox 900 430 989 471; x_wconf 86' lang='lat' dir='ltr'>Dei</span> <span class='ocrx_word' id='word_1_9' title='bbox 1034 434 1082 471; x_wconf 89' lang='lat' dir='ltr'>et</span> <span class='ocrx_word' id='word_1_10' title='bbox 1129 428 1326 470; x_wconf 87' lang='lat' dir='ltr'>salutem</span> <span class='ocrx_word' id='word_1_11' title='bbox 1370 429 1469 469; x_wconf 89' lang='lat' dir='ltr'>ani·</span> <span class='ocrx_word' id='word_1_12' title='bbox 1490 437 1610 496; x_wconf 54' lang='lat' dir='ltr'>ngssrd</span> <span class='ocrx_word' id='word_1_13' title='bbox 1629 438 1686 464; x_wconf 87' lang='lat'>111.</span> 
     </span>
     <span class='ocr_line' id='line_1_3' title="bbox 210 472 1677 558; baseline -0.002 -21"><span class='ocrx_word' id='word_1_14' title='bbox 210 508 402 545; x_wconf 90' lang='lat' dir='ltr'>marum,</span> <span class='ocrx_word' id='word_1_15' title='bbox 425 508 603 537; x_wconf 89' lang='lat' dir='ltr'>necnon</span> <span class='ocrx_word' id='word_1_16' title='bbox 634 495 690 537; x_wconf 90' lang='lat' dir='ltr'>ad</span> <span class='ocrx_word' id='word_1_17' title='bbox 724 495 926 538; x_wconf 88' lang='lat' dir='ltr'>tollenda</span> <span class='ocrx_word' id='word_1_18' title='bbox 948 494 1182 545; x_wconf 89' lang='lat' dir='ltr'>scandala,</span> <span class='ocrx_word' id='word_1_19' title='bbox 1203 493 1470 548; x_wconf 87' lang='lat' dir='ltr'>praejudicia</span> <span class='ocrx_word' id='word_1_20' title='bbox 1485 489 1549 550; x_wconf 58' lang='lat' dir='ltr'>im}</span> <span class='ocrx_word' id='word_1_21' title='bbox 1562 472 1677 558; x_wconf 44' lang='lat'>1213?</span> 
     </span>
     <span class='ocr_line' id='line_1_4' title="bbox 209 557 1689 623; baseline -0.003 -20"><span class='ocrx_word' id='word_1_22' title='bbox 209 561 464 615; x_wconf 77' lang='lat' dir='ltr'>praelibata,</span> <span class='ocrx_word' id='word_1_23' title='bbox 501 562 718 603; x_wconf 86' lang='lat' dir='ltr'>festinum</span> <span class='ocrx_word' id='word_1_24' title='bbox 752 566 799 604; x_wconf 90' lang='lat' dir='ltr'>et</span> <span class='ocrx_word' id='word_1_25' title='bbox 833 561 1018 603; x_wconf 89' lang='lat' dir='ltr'>salubre</span> <span class='ocrx_word' id='word_1_26' title='bbox 1058 564 1468 614; x_wconf 81' lang='lat' dir='ltr'>temperamentum</span> <span class='ocrx_word' id='word_1_27' title='bbox 1487 557 1689 623; x_wconf 47' lang='lat' dir='ltr'>ssgffgggffit</span> 
     </span>
     <span class='ocr_line' id='line_1_5' title="bbox 210 623 1642 681; baseline -0.002 -12"><span class='ocrx_word' id='word_1_28' title='bbox 210 640 457 681; x_wconf 85' lang='lat' dir='ltr'>apponere,</span> <span class='ocrx_word' id='word_1_29' title='bbox 490 633 542 670; x_wconf 93' lang='lat' dir='ltr'>ut</span> <span class='ocrx_word' id='word_1_30' title='bbox 590 640 674 670; x_wconf 92' lang='lat' dir='ltr'>nos</span> <span class='ocrx_word' id='word_1_31' title='bbox 730 632 778 669; x_wconf 87' lang='lat' dir='ltr'>et</span> <span class='ocrx_word' id='word_1_32' title='bbox 816 627 960 670; x_wconf 86' lang='lat' dir='ltr'>nostri</span> <span class='ocrx_word' id='word_1_33' title='bbox 990 639 1232 681; x_wconf 84' lang='lat' dir='ltr'>personam</span> <span class='ocrx_word' id='word_1_34' title='bbox 1269 630 1470 668; x_wconf 86' lang='lat' dir='ltr'>vestram</span> <span class='ocrx_word' id='word_1_35' title='bbox 1487 623 1642 651; x_wconf 65' lang='lat' dir='ltr'>⁹¹⁰V¹⁸⁰¹··</span> 
     </span>
     <span class='ocr_line' id='line_1_6' title="bbox 210 691 1470 737; baseline -0.001 -3"><span class='ocrx_word' id='word_1_36' title='bbox 210 694 548 737; x_wconf 79' lang='lat' dir='ltr'>sanctissimam</span> <span class='ocrx_word' id='word_1_37' title='bbox 597 698 644 736; x_wconf 84' lang='lat' dir='ltr'>et</span> <span class='ocrx_word' id='word_1_38' title='bbox 687 698 892 737; x_wconf 82' lang='lat' dir='ltr'>sanctam</span> <span class='ocrx_word' id='word_1_39' title='bbox 935 692 1194 734; x_wconf 85' lang='lat' dir='ltr'>Romanam</span> <span class='ocrx_word' id='word_1_40' title='bbox 1229 691 1470 734; x_wconf 88' lang='lat' dir='ltr'>ecclesiam</span> 
     </span>
     <span class='ocr_line' id='line_1_7' title="bbox 209 757 1469 813; baseline -0.003 -11"><span class='ocrx_word' id='word_1_41' title='bbox 209 760 407 802; x_wconf 86' lang='lat' dir='ltr'>revereri</span> <span class='ocrx_word' id='word_1_42' title='bbox 436 760 646 813; x_wconf 90' lang='lat' dir='ltr'>cupimus</span> <span class='ocrx_word' id='word_1_43' title='bbox 676 763 730 801; x_wconf 92' lang='lat' dir='ltr'>ut</span> <span class='ocrx_word' id='word_1_44' title='bbox 758 759 993 809; x_wconf 83' lang='lat' dir='ltr'>debemuS,</span> <span class='ocrx_word' id='word_1_45' title='bbox 1015 757 1303 800; x_wconf 86' lang='lat' dir='ltr'>cessantibus</span> <span class='ocrx_word' id='word_1_46' title='bbox 1333 757 1469 800; x_wconf 85' lang='lat' dir='ltr'>dictis</span> 
     </span>
    </p>

    <p class='ocr_par' dir='ltr' id='par_1_3' title="bbox 209 823 1469 879">
     <span class='ocr_line' id='line_1_8' title="bbox 209 823 1469 879; baseline -0.003 -11"><span class='ocrx_word' id='word_1_47' title='bbox 209 826 342 868; x_wconf 88' lang='lat' dir='ltr'>malis</span> <span class='ocrx_word' id='word_1_48' title='bbox 378 824 760 875; x_wconf 84' lang='lat' dir='ltr'>intolerabilibus,</span> <span class='ocrx_word' id='word_1_49' title='bbox 798 825 847 866; x_wconf 91' lang='lat' dir='ltr'>in</span> <span class='ocrx_word' id='word_1_50' title='bbox 886 829 1091 879; x_wconf 85' lang='lat' dir='ltr'>paternae</span> <span class='ocrx_word' id='word_1_51' title='bbox 1130 828 1296 866; x_wconf 87' lang='lat' dir='ltr'>vestrae</span> <span class='ocrx_word' id='word_1_52' title='bbox 1332 823 1469 865; x_wconf 87' lang='lat' dir='ltr'>dilec-</span> 
     </span>
    </p>

    <p class='ocr_par' dir='ltr' id='par_1_4' title="bbox 212 891 1471 944">
     <span class='ocr_line' id='line_1_9' title="bbox 212 891 1471 944; baseline -0.002 -11"><span class='ocrx_word' id='word_1_53' title='bbox 212 892 350 934; x_wconf 88' lang='lat' dir='ltr'>tionis</span> <span class='ocrx_word' id='word_1_54' title='bbox 366 891 607 935; x_wconf 80' lang='lat' dir='ltr'>dulcedine</span> <span class='ocrx_word' id='word_1_55' title='bbox 625 891 933 944; x_wconf 87' lang='lat' dir='ltr'>quiescamus,</span> <span class='ocrx_word' id='word_1_56' title='bbox 953 891 1296 943; x_wconf 88' lang='lat' dir='ltr'>revirescatque</span> <span class='ocrx_word' id='word_1_57' title='bbox 1313 893 1471 931; x_wconf 87' lang='lat' dir='ltr'>vestra</span> 
     </span>
    </p>

    <p class='ocr_par' dir='ltr' id='par_1_5' title="bbox 207 955 1469 1011">
     <span class='ocr_line' id='line_1_10' title="bbox 207 955 1469 1011; baseline -0.002 -13"><span class='ocrx_word' id='word_1_58' title='bbox 207 957 393 1000; x_wconf 88' lang='lat' dir='ltr'>devotio</span> <span class='ocrx_word' id='word_1_59' title='bbox 446 970 529 1011; x_wconf 89' lang='lat' dir='ltr'>per</span> <span class='ocrx_word' id='word_1_60' title='bbox 573 961 805 998; x_wconf 86' lang='lat' dir='ltr'>ostensam</span> <span class='ocrx_word' id='word_1_61' title='bbox 850 956 982 1001; x_wconf 86' lang='lat' dir='ltr'>nobis</span> <span class='ocrx_word' id='word_1_62' title='bbox 1014 956 1105 1010; x_wconf 86' lang='lat' dir='ltr'>piae</span> <span class='ocrx_word' id='word_1_63' title='bbox 1141 955 1469 1000; x_wconf 86' lang='lat' dir='ltr'>moderationis</span> 
     </span>
    </p>

    <p class='ocr_par' dir='ltr' id='par_1_6' title="bbox 206 1020 1469 1273">
     <span class='ocr_line' id='line_1_11' title="bbox 209 1020 1469 1065; baseline -0.002 0"><span class='ocrx_word' id='word_1_64' title='bbox 209 1028 374 1065; x_wconf 84' lang='lat' dir='ltr'>vestrae</span> <span class='ocrx_word' id='word_1_65' title='bbox 438 1022 726 1065; x_wconf 88' lang='lat' dir='ltr'>clementiam</span> <span class='ocrx_word' id='word_1_66' title='bbox 780 1026 1003 1063; x_wconf 86' lang='lat' dir='ltr'>recreata.</span> <span class='ocrx_word' id='word_1_67' title='bbox 1080 1020 1335 1064; x_wconf 87' lang='lat' dir='ltr'>Conservet</span> <span class='ocrx_word' id='word_1_68' title='bbox 1385 1033 1469 1062; x_wconf 87' lang='lat' dir='ltr'>vos</span> 
     </span>
     <span class='ocr_line' id='line_1_12' title="bbox 207 1087 1469 1141; baseline -0.003 -10"><span class='ocrx_word' id='word_1_69' title='bbox 207 1088 477 1132; x_wconf 85' lang='lat' dir='ltr'>Altissimus</span> <span class='ocrx_word' id='word_1_70' title='bbox 508 1088 566 1130; x_wconf 91' lang='lat' dir='ltr'>ad</span> <span class='ocrx_word' id='word_1_71' title='bbox 596 1088 802 1141; x_wconf 87' lang='lat' dir='ltr'>regimen</span> <span class='ocrx_word' id='word_1_72' title='bbox 832 1087 1037 1129; x_wconf 79' lang='lat' dir='ltr'>ecclesiae</span> <span class='ocrx_word' id='word_1_73' title='bbox 1067 1099 1164 1129; x_wconf 85' lang='lat' dir='ltr'>suae</span> <span class='ocrx_word' id='word_1_74' title='bbox 1185 1090 1360 1128; x_wconf 86' lang='lat' dir='ltr'>sanctae</span> <span class='ocrx_word' id='word_1_75' title='bbox 1386 1099 1469 1139; x_wconf 90' lang='lat' dir='ltr'>per</span> 
     </span>
     <span class='ocr_line' id='line_1_13' title="bbox 208 1152 1467 1209; baseline -0.003 -12"><span class='ocrx_word' id='word_1_76' title='bbox 208 1161 418 1209; x_wconf 86' lang='lat' dir='ltr'>tempora</span> <span class='ocrx_word' id='word_1_77' title='bbox 459 1167 684 1209; x_wconf 87' lang='lat' dir='ltr'>prospera</span> <span class='ocrx_word' id='word_1_78' title='bbox 725 1158 773 1197; x_wconf 87' lang='lat' dir='ltr'>et</span> <span class='ocrx_word' id='word_1_79' title='bbox 818 1154 1046 1207; x_wconf 86' lang='lat' dir='ltr'>longaeva.</span> <span class='ocrx_word' id='word_1_80' title='bbox 1118 1152 1295 1194; x_wconf 89' lang='lat' dir='ltr'>Datum</span> <span class='ocrx_word' id='word_1_81' title='bbox 1344 1152 1467 1206; x_wconf 91' lang='lat' dir='ltr'>apud</span> 
     </span>
     <span class='ocr_line' id='line_1_14' title="bbox 206 1219 1467 1273; baseline -0.004 -9"><span class='ocrx_word' id='word_1_82' title='bbox 206 1221 672 1265; x_wconf 82' lang='lat' dir='ltr'>westmonasterium</span> <span class='ocrx_word' id='word_1_83' title='bbox 722 1231 864 1261; x_wconf 69' lang='lat' dir='ltr'>xxm.</span> <span class='ocrx_word' id='word_1_84' title='bbox 907 1220 981 1261; x_wconf 89' lang='lat' dir='ltr'>die</span> <span class='ocrx_word' id='word_1_85' title='bbox 1024 1219 1307 1273; x_wconf 86' lang='lat' dir='ltr'>Septembris</span> <span class='ocrx_word' id='word_1_86' title='bbox 1346 1231 1467 1259; x_wconf 90' lang='lat' dir='ltr'>anno</span> 
     </span>
    </p>

    <p class='ocr_par' dir='ltr' id='par_1_7' title="bbox 205 1283 1468 1341">
     <span class='ocr_line' id='line_1_15' title="bbox 205 1283 1468 1341; baseline -0.003 -12"><span class='ocrx_word' id='word_1_87' title='bbox 205 1288 338 1341; x_wconf 84' lang='lat' dir='ltr'>regni</span> <span class='ocrx_word' id='word_1_88' title='bbox 369 1287 516 1329; x_wconf 86' lang='lat' dir='ltr'>nostri</span> <span class='ocrx_word' id='word_1_89' title='bbox 552 1286 762 1328; x_wconf 87' lang='lat' dir='ltr'>Franciae</span> <span class='ocrx_word' id='word_1_90' title='bbox 797 1291 979 1339; x_wconf 87' lang='lat' dir='ltr'>quarto,</span> <span class='ocrx_word' id='word_1_91' title='bbox 1016 1285 1145 1339; x_wconf 88' lang='lat' dir='ltr'>regni</span> <span class='ocrx_word' id='word_1_92' title='bbox 1180 1298 1291 1326; x_wconf 88' lang='lat' dir='ltr'>vero</span> <span class='ocrx_word' id='word_1_93' title='bbox 1322 1283 1468 1326; x_wconf 88' lang='lat' dir='ltr'>nostri</span> 
     </span>
    </p>
   </div>
   <div class='ocr_carea' id='block_1_3' title="bbox 205 1352 854 1414">
    <p class='ocr_par' dir='ltr' id='par_1_8' title="bbox 205 1352 854 1414">
     <span class='ocr_line' id='line_1_16' title="bbox 205 1352 854 1414; baseline -0.002 -19"><span class='ocrx_word' id='word_1_94' title='bbox 205 1353 391 1414; x_wconf 66' lang='lat' dir='ltr'>Angliqe</span> <span class='ocrx_word' id='word_1_95' title='bbox 413 1353 589 1396; x_wconf 90' lang='lat' dir='ltr'>decimo</span> <span class='ocrx_word' id='word_1_96' title='bbox 610 1352 854 1407; x_wconf 90' lang='lat' dir='ltr'>septim0.&#39;&#39;</span> 
     </span>
    </p>
   </div>
   <div class='ocr_carea' id='block_1_4' title="bbox 1502 507 1685 512">
    <p class='ocr_par' dir='ltr' id='par_1_9' title="bbox 1502 507 1685 512">
     <span class='ocr_line' id='line_1_17' title="bbox 1502 507 1685 512; baseline 0 0"><span class='ocrx_word' id='word_1_97' title='bbox 1502 507 1685 512; x_wconf 95' lang='lat' dir='ltr'> </span> 
     </span>
    </p>
   </div>
   <div class='ocr_carea' id='block_1_5' title="bbox 209 1500 1469 1742">
    <p class='ocr_par' dir='ltr' id='par_1_10' title="bbox 209 1500 1469 1742">
     <span class='ocr_line' id='line_1_18' title="bbox 209 1500 1468 1543; baseline -0.002 0"><span class='ocrx_word' id='word_1_98' title='bbox 209 1501 442 1543; x_wconf 75' lang='lat' dir='ltr'>Oomanissio</span> <span class='ocrx_word' id='word_1_99' title='bbox 471 1501 736 1543; x_wconf 74' lang='lat' dir='ltr'>Nunoioram</span> <span class='ocrx_word' id='word_1_100' title='bbox 765 1500 827 1542; x_wconf 78' lang='lat' dir='ltr'>ad</span> <span class='ocrx_word' id='word_1_101' title='bbox 862 1500 1037 1542; x_wconf 64' lang='lat' dir='ltr'>Ourima</span> <span class='ocrx_word' id='word_1_102' title='bbox 1066 1500 1300 1542; x_wconf 73' lang='lat' dir='ltr'>Romanam</span> <span class='ocrx_word' id='word_1_103' title='bbox 1329 1505 1468 1542; x_wconf 76' lang='lat' dir='ltr'>trans-</span> 
     </span>
     <span class='ocr_line' id='line_1_19' title="bbox 264 1565 1469 1622; baseline 0 -13"><span class='ocrx_word' id='word_1_104' title='bbox 264 1568 478 1609; x_wconf 73' lang='lat' dir='ltr'>missorwm</span> <span class='ocrx_word' id='word_1_105' title='bbox 494 1583 509 1614; x_wconf 92' lang='lat'>‚·</span> <span class='ocrx_word' id='word_1_106' title='bbox 559 1573 596 1608; x_wconf 74' lang='lat' dir='ltr'>et</span> <span class='ocrx_word' id='word_1_107' title='bbox 631 1566 811 1621; x_wconf 78' lang='lat' dir='ltr'>qualiter</span> <span class='ocrx_word' id='word_1_108' title='bbox 852 1567 942 1608; x_wconf 70' lang='lat' dir='ltr'>Rem</span> <span class='ocrx_word' id='word_1_109' title='bbox 979 1566 1147 1622; x_wconf 77' lang='lat' dir='ltr'>scripsit</span> <span class='ocrx_word' id='word_1_110' title='bbox 1176 1565 1386 1622; x_wconf 72' lang='lat' dir='ltr'>Deleyatis</span> <span class='ocrx_word' id='word_1_111' title='bbox 1418 1579 1469 1609; x_wconf 70' lang='lat' dir='ltr'>aa</span> 
     </span>
     <span class='ocr_line' id='line_1_20' title="bbox 262 1632 1467 1688; baseline -0.001 -13"><span class='ocrx_word' id='word_1_112' title='bbox 262 1634 459 1675; x_wconf 77' lang='lat' dir='ltr'>Notariis</span> <span class='ocrx_word' id='word_1_113' title='bbox 494 1633 745 1675; x_wconf 75' lang='lat' dir='ltr'>Gratiarum</span> <span class='ocrx_word' id='word_1_114' title='bbox 774 1633 949 1675; x_wconf 75' lang='lat' dir='ltr'>Domini</span> <span class='ocrx_word' id='word_1_115' title='bbox 975 1632 1121 1688; x_wconf 50' lang='lat' dir='ltr'>Papae,</span> <span class='ocrx_word' id='word_1_116' title='bbox 1139 1637 1178 1675; x_wconf 76' lang='lat' dir='ltr'>et</span> <span class='ocrx_word' id='word_1_117' title='bbox 1211 1632 1467 1675; x_wconf 74' lang='lat' dir='ltr'>Vioecomiti-</span> 
     </span>
     <span class='ocr_line' id='line_1_21' title="bbox 263 1698 456 1742; baseline 0.005 -1"><span class='ocrx_word' id='word_1_118' title='bbox 263 1698 334 1742; x_wconf 78' lang='lat' dir='ltr'>bus</span> <span class='ocrx_word' id='word_1_119' title='bbox 356 1700 456 1742; x_wconf 77' lang='lat' dir='ltr'>sais.</span> 
     </span>
    </p>
   </div>
   <div class='ocr_carea' id='block_1_6' title="bbox 263 1810 1671 1869">
    <p class='ocr_par' dir='ltr' id='par_1_11' title="bbox 263 1810 1671 1869">
     <span class='ocr_line' id='line_1_22' title="bbox 263 1810 1671 1869; baseline -0.003 -11"><span class='ocrx_word' id='word_1_120' title='bbox 263 1819 293 1838; x_wconf 92' lang='lat'><strong>“</strong></span> <span class='ocrx_word' id='word_1_121' title='bbox 308 1810 572 1859; x_wconf 85' lang='lat' dir='ltr'>Universis¹</span> <span class='ocrx_word' id='word_1_122' title='bbox 607 1819 858 1869; x_wconf 74' lang='lat' dir='ltr'>praesentes</span> <span class='ocrx_word' id='word_1_123' title='bbox 879 1813 1038 1856; x_wconf 88' lang='lat' dir='ltr'>literas</span> <span class='ocrx_word' id='word_1_124' title='bbox 1058 1813 1352 1867; x_wconf 86' lang='lat' dir='ltr'>inspecturis,</span> <span class='ocrx_word' id='word_1_125' title='bbox 1377 1813 1465 1855; x_wconf 88' lang='lat' dir='ltr'>Ed-</span> <span class='ocrx_word' id='word_1_126' title='bbox 1483 1837 1671 1864; x_wconf 52' lang='lat' dir='ltr'>eommfflm,</span> 
     </span>
    </p>
   </div>
   <div class='ocr_carea' id='block_1_7' title="bbox 205 1871 1646 1934">
    <p class='ocr_par' dir='ltr' id='par_1_12' title="bbox 205 1871 1646 1934">
     <span class='ocr_line' id='line_1_23' title="bbox 205 1871 1646 1934; baseline -0.002 -10"><span class='ocrx_word' id='word_1_127' title='bbox 205 1882 388 1924; x_wconf 86' lang='lat' dir='ltr'>wardus</span> <span class='ocrx_word' id='word_1_128' title='bbox 426 1880 588 1923; x_wconf 79' lang='lat' dir='ltr'>‘etc.&#39;²</span> <span class='ocrx_word' id='word_1_129' title='bbox 626 1881 839 1924; x_wconf 89' lang='lat' dir='ltr'>salutem.</span> <span class='ocrx_word' id='word_1_130' title='bbox 909 1879 1147 1922; x_wconf 87' lang='lat' dir='ltr'>Noveritis</span> <span class='ocrx_word' id='word_1_131' title='bbox 1182 1879 1307 1934; x_wconf 90' lang='lat' dir='ltr'>quod</span> <span class='ocrx_word' id='word_1_132' title='bbox 1343 1893 1464 1930; x_wconf 91' lang='lat' dir='ltr'>cum,</span> <span class='ocrx_word' id='word_1_133' title='bbox 1483 1871 1646 1930; x_wconf 53' lang='grc' dir='ltr'>ζῼὲᾧξῗῖ</span> 
     </span>
    </p>
   </div>
   <div class='ocr_carea' id='block_1_8' title="bbox 1482 1939 1587 1963">
    <p class='ocr_par' dir='ltr' id='par_1_13' title="bbox 1482 1939 1587 1963">
     <span class='ocr_line' id='line_1_24' title="bbox 1482 1939 1587 1963; baseline 0.01 -1"><span class='ocrx_word' id='word_1_134' title='bbox 1482 1939 1546 1962; x_wconf 71' lang='lat' dir='ltr'>sent</span> <span class='ocrx_word' id='word_1_135' title='bbox 1557 1940 1587 1963; x_wconf 87' lang='lat' dir='ltr'>to</span> 
     </span>
    </p>
   </div>
   <div class='ocr_carea' id='block_1_9' title="bbox 205 1944 1623 2398">
    <p class='ocr_par' dir='ltr' id='par_1_14' title="bbox 205 1944 1623 2133">
     <span class='ocr_line' id='line_1_25' title="bbox 206 1944 1584 2000; baseline -0.002 -10"><span class='ocrx_word' id='word_1_136' title='bbox 206 1946 265 1990; x_wconf 93' lang='lat' dir='ltr'>ob</span> <span class='ocrx_word' id='word_1_137' title='bbox 312 1947 614 1990; x_wconf 89' lang='lat' dir='ltr'>reverentiam</span> <span class='ocrx_word' id='word_1_138' title='bbox 656 1946 930 1988; x_wconf 83' lang='lat' dir='ltr'>sanctissimi</span> <span class='ocrx_word' id='word_1_139' title='bbox 973 1946 1020 1986; x_wconf 89' lang='lat' dir='ltr'>in</span> <span class='ocrx_word' id='word_1_140' title='bbox 1074 1944 1260 1990; x_wconf 87' lang='lat' dir='ltr'>Christo</span> <span class='ocrx_word' id='word_1_141' title='bbox 1318 1946 1465 1999; x_wconf 88' lang='lat' dir='ltr'>patris</span> <span class='ocrx_word' id='word_1_142' title='bbox 1483 1970 1584 2000; x_wconf 53' lang='lat' dir='ltr'>Rome,</span> 
     </span>
     <span class='ocr_line' id='line_1_26' title="bbox 205 2003 1623 2068; baseline -0.001 -13"><span class='ocrx_word' id='word_1_143' title='bbox 205 2014 379 2056; x_wconf 90' lang='lat' dir='ltr'>domini</span> <span class='ocrx_word' id='word_1_144' title='bbox 410 2013 678 2062; x_wconf 88' lang='lat' dir='ltr'>Clementis,</span> <span class='ocrx_word' id='word_1_145' title='bbox 701 2012 860 2057; x_wconf 88' lang='lat' dir='ltr'>divina</span> <span class='ocrx_word' id='word_1_146' title='bbox 879 2010 1190 2065; x_wconf 85' lang='lat' dir='ltr'>providentia,</span> <span class='ocrx_word' id='word_1_147' title='bbox 1212 2023 1348 2065; x_wconf 86' lang='lat' dir='ltr'>papae</span> <span class='ocrx_word' id='word_1_148' title='bbox 1372 2011 1464 2055; x_wconf 92' lang='lat' dir='ltr'>VI.</span> <span class='ocrx_word' id='word_1_149' title='bbox 1481 2003 1623 2068; x_wconf 51' lang='lat' dir='ltr'>&#39;ffissssssf&#39;&#39;</span> 
     </span>
     <span class='ocr_line' id='line_1_27' title="bbox 205 2076 1464 2133; baseline -0.002 -11"><span class='ocrx_word' id='word_1_150' title='bbox 205 2085 252 2123; x_wconf 89' lang='lat' dir='ltr'>et</span> <span class='ocrx_word' id='word_1_151' title='bbox 287 2080 409 2122; x_wconf 85' lang='lat' dir='ltr'>sedis</span> <span class='ocrx_word' id='word_1_152' title='bbox 447 2078 716 2133; x_wconf 83' lang='lat' dir='ltr'>apostolicae</span> <span class='ocrx_word' id='word_1_153' title='bbox 751 2077 1027 2131; x_wconf 86' lang='lat' dir='ltr'>legatorum,</span> <span class='ocrx_word' id='word_1_154' title='bbox 1074 2081 1120 2119; x_wconf 89' lang='lat' dir='ltr'>et</span> <span class='ocrx_word' id='word_1_155' title='bbox 1161 2076 1220 2118; x_wconf 90' lang='lat' dir='ltr'>ad</span> <span class='ocrx_word' id='word_1_156' title='bbox 1263 2077 1464 2119; x_wconf 88' lang='lat' dir='ltr'>laborio-</span> 
     </span>
    </p>

    <p class='ocr_par' dir='ltr' id='par_1_15' title="bbox 205 2142 1464 2263">
     <span class='ocr_line' id='line_1_28' title="bbox 206 2142 1463 2196; baseline -0.001 -9"><span class='ocrx_word' id='word_1_157' title='bbox 206 2159 305 2188; x_wconf 90' lang='lat' dir='ltr'>sam</span> <span class='ocrx_word' id='word_1_158' title='bbox 339 2146 606 2188; x_wconf 85' lang='lat' dir='ltr'>instantiam</span> <span class='ocrx_word' id='word_1_159' title='bbox 635 2143 991 2189; x_wconf 84' lang='lat' dir='ltr'>reverendorum</span> <span class='ocrx_word' id='word_1_160' title='bbox 1023 2147 1206 2196; x_wconf 90' lang='lat' dir='ltr'>patrum</span> <span class='ocrx_word' id='word_1_161' title='bbox 1234 2142 1289 2185; x_wconf 91' lang='lat' dir='ltr'>P.</span> <span class='ocrx_word' id='word_1_162' title='bbox 1314 2143 1463 2186; x_wconf 89' lang='lat' dir='ltr'>Pene-</span> 
     </span>
     <span class='ocr_line' id='line_1_29' title="bbox 205 2209 1464 2263; baseline -0.001 -10"><span class='ocrx_word' id='word_1_163' title='bbox 205 2212 376 2254; x_wconf 89' lang='lat' dir='ltr'>strinus</span> <span class='ocrx_word' id='word_1_164' title='bbox 439 2216 486 2254; x_wconf 89' lang='lat' dir='ltr'>et</span> <span class='ocrx_word' id='word_1_165' title='bbox 540 2210 600 2254; x_wconf 91' lang='lat' dir='ltr'>A.</span> <span class='ocrx_word' id='word_1_166' title='bbox 653 2210 947 2253; x_wconf 85' lang='lat' dir='ltr'>Tusculanus</span> <span class='ocrx_word' id='word_1_167' title='bbox 1001 2209 1337 2263; x_wconf 89' lang='lat' dir='ltr'>episcoporum,</span> <span class='ocrx_word' id='word_1_168' title='bbox 1405 2209 1464 2252; x_wconf 91' lang='lat' dir='ltr'>ad</span> 
     </span>
    </p>

    <p class='ocr_par' dir='ltr' id='par_1_16' title="bbox 205 2274 1466 2398">
     <span class='ocr_line' id='line_1_30' title="bbox 205 2274 1466 2332; baseline -0.002 -12"><span class='ocrx_word' id='word_1_169' title='bbox 205 2291 289 2320; x_wconf 91' lang='lat' dir='ltr'>nos</span> <span class='ocrx_word' id='word_1_170' title='bbox 325 2291 472 2332; x_wconf 90' lang='lat' dir='ltr'>nuper</span> <span class='ocrx_word' id='word_1_171' title='bbox 499 2278 609 2320; x_wconf 91' lang='lat' dir='ltr'>dum</span> <span class='ocrx_word' id='word_1_172' title='bbox 639 2289 821 2320; x_wconf 87' lang='lat' dir='ltr'>eramus</span> <span class='ocrx_word' id='word_1_173' title='bbox 851 2277 899 2318; x_wconf 89' lang='lat' dir='ltr'>in</span> <span class='ocrx_word' id='word_1_174' title='bbox 931 2275 1173 2317; x_wconf 86' lang='lat' dir='ltr'>Britannia</span> <span class='ocrx_word' id='word_1_175' title='bbox 1206 2288 1290 2329; x_wconf 91' lang='lat' dir='ltr'>pro</span> <span class='ocrx_word' id='word_1_176' title='bbox 1325 2274 1466 2317; x_wconf 87' lang='lat' dir='ltr'>refor—</span> 
     </span>
     <span class='ocr_line' id='line_1_31' title="bbox 206 2341 1465 2398; baseline -0.002 -12"><span class='ocrx_word' id='word_1_177' title='bbox 206 2345 406 2387; x_wconf 89' lang='lat' dir='ltr'>matione</span> <span class='ocrx_word' id='word_1_178' title='bbox 455 2344 582 2398; x_wconf 85' lang='lat' dir='ltr'>pacis</span> <span class='ocrx_word' id='word_1_179' title='bbox 640 2344 760 2386; x_wconf 88' lang='lat' dir='ltr'>inter</span> <span class='ocrx_word' id='word_1_180' title='bbox 814 2355 897 2385; x_wconf 88' lang='lat' dir='ltr'>nos</span> <span class='ocrx_word' id='word_1_181' title='bbox 964 2346 1011 2383; x_wconf 91' lang='lat' dir='ltr'>et</span> <span class='ocrx_word' id='word_1_182' title='bbox 1074 2341 1465 2395; x_wconf 83' lang='lat' dir='ltr'>consanguineum</span> 
     </span>
    </p>
   </div>
   <div class='ocr_carea' id='block_1_10' title="bbox 206 2407 1465 2464">
    <p class='ocr_par' dir='ltr' id='par_1_17' title="bbox 206 2407 1465 2464">
     <span class='ocr_line' id='line_1_32' title="bbox 206 2407 1465 2464; baseline -0.002 -11"><span class='ocrx_word' id='word_1_183' title='bbox 206 2416 414 2453; x_wconf 87' lang='lat' dir='ltr'>nostrum</span> <span class='ocrx_word' id='word_1_184' title='bbox 469 2410 734 2464; x_wconf 89' lang='lat' dir='ltr'>Philippum</span> <span class='ocrx_word' id='word_1_185' title='bbox 791 2409 849 2452; x_wconf 87' lang='lat' dir='ltr'>de</span> <span class='ocrx_word' id='word_1_186' title='bbox 890 2408 1098 2459; x_wconf 88' lang='lat' dir='ltr'>Valesio,</span> <span class='ocrx_word' id='word_1_187' title='bbox 1154 2421 1238 2462; x_wconf 85' lang='lat' dir='ltr'>per</span> <span class='ocrx_word' id='word_1_188' title='bbox 1292 2407 1465 2451; x_wconf 86' lang='lat' dir='ltr'>dictum</span> 
     </span>
    </p>
   </div>
   <div class='ocr_carea' id='block_1_11' title="bbox 202 2580 1473 2815">
    <p class='ocr_par' dir='ltr' id='par_1_18' title="bbox 202 2580 1473 2815">
     <span class='ocr_line' id='line_1_33' title="bbox 251 2580 1473 2628; baseline -0.006 -9"><span class='ocrx_word' id='word_1_189' title='bbox 251 2586 261 2606; x_wconf 89' lang='lat'>¹</span> <span class='ocrx_word' id='word_1_190' title='bbox 284 2588 317 2619; x_wconf 93' lang='lat' dir='ltr'>A</span> <span class='ocrx_word' id='word_1_191' title='bbox 342 2586 479 2628; x_wconf 82' lang='lat' dir='ltr'>slightly</span> <span class='ocrx_word' id='word_1_192' title='bbox 503 2585 660 2617; x_wconf 82' lang='lat' dir='ltr'>different</span> <span class='ocrx_word' id='word_1_193' title='bbox 682 2584 764 2616; x_wconf 85' lang='lat' dir='ltr'>form</span> <span class='ocrx_word' id='word_1_194' title='bbox 789 2582 827 2614; x_wconf 85' lang='lat' dir='ltr'>of</span> <span class='ocrx_word' id='word_1_195' title='bbox 854 2580 1034 2622; x_wconf 82' lang='lat' dir='ltr'>ingburgh‚</span> <span class='ocrx_word' id='word_1_196' title='bbox 1057 2580 1123 2612; x_wconf 88' lang='lat' dir='ltr'>and</span> <span class='ocrx_word' id='word_1_197' title='bbox 1150 2581 1179 2613; x_wconf 85' lang='lat' dir='ltr'>is</span> <span class='ocrx_word' id='word_1_198' title='bbox 1203 2581 1261 2613; x_wconf 85' lang='lat' dir='ltr'>the</span> <span class='ocrx_word' id='word_1_199' title='bbox 1291 2590 1410 2613; x_wconf 86' lang='lat' dir='ltr'>source</span> <span class='ocrx_word' id='word_1_200' title='bbox 1434 2581 1473 2613; x_wconf 79' lang='lat' dir='ltr'>of</span> 
     </span>
     <span class='ocr_line' id='line_1_34' title="bbox 202 2627 1411 2667; baseline -0.006 0"><span class='ocrx_word' id='word_1_201' title='bbox 202 2635 271 2667; x_wconf 88' lang='lat' dir='ltr'>this</span> <span class='ocrx_word' id='word_1_202' title='bbox 295 2635 474 2666; x_wconf 89' lang='lat' dir='ltr'>document</span> <span class='ocrx_word' id='word_1_203' title='bbox 497 2634 526 2664; x_wconf 84' lang='lat' dir='ltr'>is</span> <span class='ocrx_word' id='word_1_204' title='bbox 547 2631 680 2664; x_wconf 86' lang='lat' dir='ltr'>entered</span> <span class='ocrx_word' id='word_1_205' title='bbox 701 2640 744 2662; x_wconf 92' lang='lat' dir='ltr'>on</span> <span class='ocrx_word' id='word_1_206' title='bbox 764 2630 820 2661; x_wconf 91' lang='lat' dir='ltr'>the</span> <span class='ocrx_word' id='word_1_207' title='bbox 853 2629 982 2661; x_wconf 79' lang='lat' dir='ltr'>several</span> <span class='ocrx_word' id='word_1_208' title='bbox 998 2627 1155 2660; x_wconf 83' lang='lat' dir='ltr'>valuable</span> <span class='ocrx_word' id='word_1_209' title='bbox 1169 2627 1411 2661; x_wconf 79' lang='lat' dir='ltr'>emendations.</span> 
     </span>
     <span class='ocr_line' id='line_1_35' title="bbox 205 2678 820 2717; baseline -0.01 -3"><span class='ocrx_word' id='word_1_210' title='bbox 205 2682 283 2714; x_wconf 88' lang='lat' dir='ltr'>Rot.</span> <span class='ocrx_word' id='word_1_211' title='bbox 299 2681 419 2712; x_wconf 84' lang='lat' dir='ltr'>Franc.</span> <span class='ocrx_word' id='word_1_212' title='bbox 440 2682 480 2711; x_wconf 89' lang='grc'>17</span> <span class='ocrx_word' id='word_1_213' title='bbox 497 2678 597 2711; x_wconf 85' lang='lat' dir='ltr'>Edw.</span> <span class='ocrx_word' id='word_1_214' title='bbox 613 2678 686 2710; x_wconf 88' lang='lat'>111.</span> <span class='ocrx_word' id='word_1_215' title='bbox 705 2687 748 2709; x_wconf 88' lang='lat' dir='ltr'>m.</span> <span class='ocrx_word' id='word_1_216' title='bbox 767 2679 820 2717; x_wconf 80' lang='lat'>12,</span> 
     </span>
     <span class='ocr_line' id='line_1_36' title="bbox 203 2720 1468 2770; baseline -0.007 -10"><span class='ocrx_word' id='word_1_217' title='bbox 203 2729 237 2760; x_wconf 90' lang='lat' dir='ltr'>in</span> <span class='ocrx_word' id='word_1_218' title='bbox 252 2728 351 2759; x_wconf 83' lang='lat' dir='ltr'>Turr.</span> <span class='ocrx_word' id='word_1_219' title='bbox 368 2726 474 2759; x_wconf 88' lang='lat' dir='ltr'>Lond.</span> <span class='ocrx_word' id='word_1_220' title='bbox 489 2723 646 2770; x_wconf 80' lang='lat' dir='ltr'>(Rymer,</span> <span class='ocrx_word' id='word_1_221' title='bbox 663 2724 820 2763; x_wconf 86' lang='lat' dir='ltr'>Foedera,</span> <span class='ocrx_word' id='word_1_222' title='bbox 899 2720 912 2741; x_wconf 79' lang='lat'>²</span> <span class='ocrx_word' id='word_1_223' title='bbox 935 2722 1024 2754; x_wconf 88' lang='lat' dir='ltr'>‘Dei</span> <span class='ocrx_word' id='word_1_224' title='bbox 1049 2722 1170 2763; x_wconf 75' lang='lat' dir='ltr'>gratia,</span> <span class='ocrx_word' id='word_1_225' title='bbox 1183 2729 1243 2752; x_wconf 87' lang='lat' dir='ltr'>rex</span> <span class='ocrx_word' id='word_1_226' title='bbox 1268 2721 1418 2752; x_wconf 79' lang='lat' dir='ltr'>Franciae</span> <span class='ocrx_word' id='word_1_227' title='bbox 1434 2723 1468 2752; x_wconf 90' lang='lat' dir='ltr'>et</span> 
     </span>
     <span class='ocr_line' id='line_1_37' title="bbox 202 2766 1469 2815; baseline -0.006 -9"><span class='ocrx_word' id='word_1_228' title='bbox 202 2775 240 2806; x_wconf 88' lang='lat' dir='ltr'>ii.</span> <span class='ocrx_word' id='word_1_229' title='bbox 265 2771 380 2815; x_wconf 74' lang='lat'>1224.)</span> <span class='ocrx_word' id='word_1_230' title='bbox 427 2773 461 2803; x_wconf 87' lang='lat' dir='ltr'>It</span> <span class='ocrx_word' id='word_1_231' title='bbox 485 2773 546 2804; x_wconf 84' lang='lat' dir='ltr'>has</span> <span class='ocrx_word' id='word_1_232' title='bbox 569 2772 653 2804; x_wconf 89' lang='lat' dir='ltr'>been</span> <span class='ocrx_word' id='word_1_233' title='bbox 675 2770 817 2802; x_wconf 89' lang='lat' dir='ltr'>collated</span> <span class='ocrx_word' id='word_1_234' title='bbox 852 2769 988 2810; x_wconf 84' lang='lat' dir='ltr'>Angliae</span> <span class='ocrx_word' id='word_1_235' title='bbox 1019 2772 1052 2801; x_wconf 88' lang='lat' dir='ltr'>et</span> <span class='ocrx_word' id='word_1_236' title='bbox 1080 2769 1236 2800; x_wconf 84' lang='lat' dir='ltr'>dominus</span> <span class='ocrx_word' id='word_1_237' title='bbox 1267 2766 1469 2808; x_wconf 82' lang='lat' dir='ltr'>Hiberniae,&#39;</span> 
     </span>
    </p>
   </div>
   <div class='ocr_carea' id='block_1_12' title="bbox 203 2818 929 2860">
    <p class='ocr_par' dir='ltr' id='par_1_19' title="bbox 203 2818 929 2860">
     <span class='ocr_line' id='line_1_38' title="bbox 203 2818 929 2860; baseline -0.004 -8"><span class='ocrx_word' id='word_1_238' title='bbox 203 2820 286 2852; x_wconf 86' lang='lat' dir='ltr'>with</span> <span class='ocrx_word' id='word_1_239' title='bbox 298 2820 354 2852; x_wconf 83' lang='lat' dir='ltr'>the</span> <span class='ocrx_word' id='word_1_240' title='bbox 367 2829 453 2859; x_wconf 86' lang='lat' dir='ltr'>copy</span> <span class='ocrx_word' id='word_1_241' title='bbox 465 2819 643 2860; x_wconf 84' lang='lat' dir='ltr'>preserved</span> <span class='ocrx_word' id='word_1_242' title='bbox 658 2819 701 2858; x_wconf 78' lang='lat' dir='ltr'>by</span> <span class='ocrx_word' id='word_1_243' title='bbox 716 2818 820 2850; x_wconf 87' lang='lat' dir='ltr'>Hem·</span> <span class='ocrx_word' id='word_1_244' title='bbox 853 2818 929 2849; x_wconf 81' lang='lat' dir='ltr'>Rot.</span> 
     </span>
    </p>
   </div>
  </div>
 </body>
</html>
