2038 3306
436 339 659 370 wAL'rEm
695 337 755 368 DE
788 339 1165 370 HEMINGBURGH.
1345 329 1431 370 145

164 449 414 495 praesentes
451 442 596 484 literae
632 443 938 496 pervenerint,
972 443 1183 484 salutem.
1261 441 1428 483 Sciatis
1461 449 1623 508 ffdgarffli

166 520 249 549 nos
293 509 474 549 nomine
513 508 624 549 dicti
661 509 798 561 regis,
835 510 1029 562 priorem
1071 514 1118 550 et
1149 512 1424 550 conventum
1444 500 1591 572 Aff'airssof
1625 500 1634 507 ⁰

165 573 221 614 de
301 574 671 616 Hexhildesham
745 576 790 615 in
864 574 1211 625 Northumbria‚
1278 579 1426 616 terras
1443 580 1584 605 Scossand·

168 652 292 689 suas,
320 640 528 681 homines
563 654 688 690 suos,
710 645 756 681 et
786 641 1024 682 universas
1060 653 1215 682 eorum
1249 653 1426 693 posses-

163 706 330 756 siones,
352 719 406 747 ac
430 707 584 748 omnia
606 708 727 747 bona
757 719 843 747 sua
875 707 1061 748 mobilia
1091 711 1138 748 et
1159 706 1425 756 immobilia,

162 773 247 812 sub
271 772 399 813 firma
420 785 533 826 pace
563 777 610 814 et
629 773 914 826 protectione
935 773 1080 825 ipsius
1101 772 1270 813 domini
1302 772 1426 825 regis

163 842 208 878 et
243 843 402 879 nostra
424 838 550 893 juste
585 838 855 891 suscepisse.
918 838 1074 888 Quare
1106 838 1295 878 firmiter
1318 851 1424 891 pro-

164 903 370 945 hibemus
403 917 458 945 ne
483 903 586 957 quis
615 904 680 944 eis
701 904 748 943 in
771 904 994 956 personis,
1017 904 1151 944 terris
1179 916 1260 944 seu
1290 904 1425 945 rebus

162 969 349 1019 malum,
385 969 658 1018 molestiam,
690 968 903 1022 injuriam
940 982 1022 1010 seu
1056 981 1307 1022 gravamen
1341 969 1424 1009 ali-

162 1035 284 1088 quod
314 1035 480 1076 inferre
514 1039 781 1088 praesumat,
812 1047 951 1088 super
980 1034 1188 1088 plenaria
1217 1034 1424 1076 forisfac-

163 1106 269 1142 tura
309 1101 455 1155 ipsius
495 1100 667 1142 domini
710 1101 848 1154 regis,
889 1104 970 1141 aut
1014 1105 1205 1142 mortem
1247 1101 1313 1142 eis
1351 1101 1426 1142 vel

163 1167 300 1208 alicui
331 1180 488 1208 eorum
527 1166 710 1216 inferat,
743 1167 828 1208 sub
858 1179 998 1220 poena
1034 1167 1293 1208 amissionis
1319 1167 1425 1208 vitae

166 1238 213 1273 et
226 1234 549 1274 membrorum.
596 1233 911 1274 Praesentibus
932 1238 1035 1286 post
1056 1246 1225 1274 annum
1241 1233 1425 1274 minime

164 1299 388 1339 valituris.
462 1299 636 1340 Datum
671 1299 793 1352 apud
836 1298 1207 1340 Hexhildesham
1229 1310 1313 1340 vn.
1353 1299 1426 1341 die
1444 1314 1603 1374 ξτιὲινιηὶιιγ,

166 1364 460 1406 Novembris.
1511 1365 1519 1374 ’
1550 1364 1559 1372 ’

559 1519 571 1536 ‘
584 1514 690 1556 Item
710 1513 806 1555 aliae
826 1513 1007 1555 LiteraeR
1020 1512 1027 1534 ¹

232 1627 515 1679 ‘Andreas‚’²
565 1634 654 1670 etc.
750 1628 917 1670 Sciatis
970 1629 1092 1682 quod
1143 1630 1430 1682 suscepimus

167 1706 307 1735 unum
355 1695 623 1736 canonicum
677 1693 734 1735 de
780 1694 1151 1736 Hexhildesham
1195 1707 1301 1736 cum
1345 1707 1431 1736 suo

165 1761 390 1814 armigero
429 1766 476 1802 et
508 1761 686 1803 duobus
720 1760 906 1801 famulis
936 1761 1050 1811 suis,
1084 1761 1132 1801 in
1165 1761 1348 1802 salvum
1385 1765 1433 1802 et

164 1839 373 1868 securum
408 1827 684 1868 conductum
717 1827 839 1879 regis
870 1827 1015 1868 nostri
1050 1831 1096 1868 et
1122 1831 1344 1876 nostrum,
1373 1826 1432 1867 ad

165 1893 436 1933 veniendum
469 1893 527 1934 ad
559 1906 644 1934 nos
670 1893 932 1946 ubicunque
964 1892 1200 1944 fuerimus,
1225 1893 1435 1946 quando-

166 1972 346 2011 cunque
370 1972 556 2001 necesse
588 1959 723 2000 fuerit
745 1963 792 2000 et
813 1958 1061 2012 expediens
1092 1958 1228 2000 dictae
1263 1958 1451 2000 domui«

168 2024 228 2065 Et
250 2025 352 2066 ideo
387 2026 518 2066 vobis
551 2025 762 2066 omnibus
797 2030 844 2066 et
873 2025 1084 2078 singulis,
1106 2025 1290 2066 nomine
1325 2024 1435 2065 dicti

166 2090 338 2132 domini
388 2092 527 2144 regis,
574 2090 864 2140 mandamus,
905 2091 1095 2131 firmiter
1138 2090 1435 2144 injungentes

167 2157 384 2209 quatinus
424 2170 529 2198 eum
570 2156 739 2209 aliquis
784 2157 1032 2197 canonicus
1084 2155 1219 2196 dictae
1271 2154 1435 2196 domus

166 2235 270 2263 cum
292 2222 515 2276 praedicto
538 2222 766 2274 armigero
791 2228 836 2263 et
859 2221 1043 2263 famulis
1068 2221 1163 2262 suis
1183 2226 1435 2274 praesentes

166 2288 326 2329 literas
351 2301 507 2329 secum
528 2287 703 2329 habens
725 2300 866 2329 causa
898 2287 1108 2329 veniendi
1132 2287 1188 2328 ad
1212 2299 1295 2328 nos
1317 2287 1438 2329 inter

167 2367 250 2395 vos
277 2354 467 2404 venerit,
491 2355 618 2408 ipsos
639 2354 724 2394 sub
757 2354 888 2395 salva
910 2354 1122 2395 custodia
1153 2352 1211 2394 ad
1241 2365 1325 2394 nos
1355 2353 1438 2394 du-

169 2420 300 2470 catis,
321 2421 388 2461 ita
409 2420 531 2474 quod
567 2419 719 2460 nullus
751 2432 830 2461 eos
865 2420 910 2460 in
944 2419 1151 2473 personis
1184 2431 1266 2460 seu
1301 2420 1438 2460 rebus

166 2486 381 2528 molestet
415 2486 460 2527 in
497 2486 671 2539 aliquo,
703 2487 789 2526 sub
827 2487 948 2538 regis
984 2485 1191 2539 plenaria
1227 2484 1437 2526 forisfac-

169 2559 289 2602 tura,
327 2558 409 2594 aut
444 2558 637 2594 mortem
672 2551 737 2592 eis
770 2552 846 2593 vel
883 2551 1021 2592 alicui
1058 2564 1215 2592 eorum
1258 2550 1441 2601 inferat,

166 2619 251 2659 sub
274 2631 414 2672 poena
435 2618 695 2659 amissionis
718 2617 829 2659 vitae
851 2624 898 2659 et
922 2618 1245 2659 membrorum.
1315 2616 1440 2658 Prae-

168 2685 375 2725 sentibus
395 2685 450 2725 ad
471 2684 758 2725 voluntatem
775 2688 980 2725 nostram
1001 2683 1252 2725 duraturis.

212 2788 220 2807 ¹
244 2790 391 2822 ‘Literae
425 2789 672 2830 Protectoriae‚’
711 2790 787 2823 MS.

172 2835 260 2867 Coll.
278 2836 374 2868 Arm.

239 2911 344 2942 VOL.
370 2912 423 2943 11.
1213 2909 1240 2938 L

869 2810 882 2829 ²
903 2813 913 2830 ‘
925 2810 1147 2850 Alexander,’
1165 2811 1239 2842 MS.
1258 2810 1383 2842 Lansd.
