2038 3306
588 298 676 340 354
1044 312 1046 314 ·
1078 308 1354 340 cunomcon

374 424 495 451 mum
514 424 574 452 111.
590 412 755 455 nabilis
774 416 820 454 et
843 416 1047 466 accepta.
1117 413 1179 455 Et
1208 413 1248 455 si
1278 413 1473 455 forsitan
1500 413 1547 454 in
1580 409 1850 466 supradicta

376 459 562 546 gss'gw'
592 480 668 522 via
692 483 949 521 nostrorum
971 479 1221 520 amicorum
1254 484 1300 521 et
1330 479 1531 521 fidelium
1556 479 1673 521 foret
1694 476 1847 530 requi-

375 547 564 581 ''⁸¹⁶'‘*1‘1ss5
592 545 760 587 rendus
790 549 837 587 et
870 545 1144 586 obtinendus
1182 557 1410 596 assensus,
1451 546 1574 587 circa
1606 545 1734 586 illum
1764 544 1845 585 ob-

375 581 525 642 3'233350‘·
592 611 828 654 tiuendum
861 624 1133 665 poneremus
1165 624 1344 653 omnem
1382 611 1667 665 diligentiam
1706 622 1845 662 quam

591 690 846 732 possemus,
865 677 933 719 ita
952 677 1072 732 quod
1096 690 1179 731 per
1199 690 1283 719 nos
1306 690 1398 718 non
1428 677 1569 720 stabit
1603 677 1712 730 quin
1735 689 1845 717 con-

591 743 746 785 cordia
766 744 888 786 bona
903 743 985 785 fiat
1008 744 1047 784 si
1069 756 1178 797 pars
1196 744 1344 786 altera
1358 744 1470 786 velit
1487 741 1847 785 condescendere

590 809 772 851 rationi.
858 809 1177 864 Supplicamus
1214 810 1355 863 igitur
1393 815 1560 852 vestrae
1593 806 1846 850 clementiae

589 881 689 918 toto
723 875 875 926 corde,
916 876 1134 930 quatinus
1164 881 1342 918 vestras
1364 875 1596 930 justitiam
1627 879 1674 916 et
1702 874 1848 915 inten-

590 943 759 984 tionem
785 942 832 983 in
854 942 1049 984 veritate
1069 942 1305 993 fundatas,
1323 942 1491 992 velitis,
1515 942 1555 982 si
1577 941 1744 995 placet,
1767 939 1846 981 de-

590 1008 684 1050 bite
705 1008 973 1062 ponderare,
998 1021 1173 1063 nosque
1192 1021 1276 1050 vos
1296 1013 1342 1050 et
1359 1013 1566 1050 sanctam
1586 1008 1845 1049 Romanam

590 1074 827 1116 ecclesiam
842 1075 890 1116 in
903 1074 1025 1115 omni
1036 1074 1292 1116 devotionis
1310 1074 1608 1128 plenitudine,
1629 1078 1673 1114 et
1686 1072 1846 1114 solidae

589 1139 844 1182 dilectionis
864 1145 912 1181 et
933 1140 1104 1182 favoris
1127 1141 1293 1193 gratia,
1315 1140 1565 1182 incidenter
1585 1139 1846 1187 confovere,

591 1205 647 1247 de
668 1206 814 1256 nobis,
834 1210 886 1247 ut
898 1206 954 1246 de
972 1205 1066 1247 filio
1082 1206 1393 1256 devotissimo,
1409 1205 1672 1248 sentientes.
1720 1203 1846 1245 Nam

592 1272 724 1313 testis
763 1276 834 1313 est
868 1272 998 1313 nobis
1035 1273 1421 1313 conscientiarum
1465 1271 1688 1314 Dominus
1722 1269 1846 1324 quod

590 1337 785 1379 honores
817 1342 864 1379 et
889 1337 1125 1379 libertates
1156 1338 1490 1380 ecclesiasticas
1514 1337 1734 1379 extollere
1765 1349 1844 1378 cu·
2035 1384 2038 1398 ¹

589 1403 738 1457 pimus
761 1408 807 1445 et
830 1404 965 1454 tueri,
996 1409 1057 1453 et,
1081 1403 1121 1444 si
1144 1404 1271 1445 Deus
1292 1406 1423 1446 nobis
1447 1416 1717 1458 prosperare
1737 1415 1845 1443 con·
2031 1423 2038 1450 ,ς

589 1471 792 1518 cesserit,
834 1469 892 1511 ad
938 1470 1083 1523 ipsius
1123 1470 1244 1511 bella
1290 1476 1451 1512 contra
1491 1470 1699 1512 inimicos
1740 1468 1846 1509 fidei
2028 1450 2038 1540 ff

587 1535 866 1590 peragenda,
887 1536 1065 1578 devotis
1093 1540 1139 1577 et
1173 1536 1421 1578 humilibus
1454 1536 1691 1578 affectibus
1721 1535 1843 1588 aspi-

587 1614 758 1643 ramus.
827 1606 840 1624 ‘
862 1601 1129 1652 Conservet,
1150 1600 1275 1644 etc.’l

378 1678 551 1704 raruament
658 1668 850 1709 Factum
902 1673 971 1709 est
1017 1668 1362 1721 parliamentum
1418 1667 1527 1708 hoc·
1551 1680 1670 1708 anno
1722 1666 1844 1720 apud

375 1714 405 1737 at
417 1711 506 1737 West-

375 1745 560 1810 Wffisslhay,
587 1732 1053 1775 westmonasterium
1076 1734 1122 1774 in
1150 1733 1529 1787 Quadragesima,
1550 1734 1599 1774 in
1628 1746 1719 1786 quo
1741 1746 1847 1774 con-

377 1811 476 1837 march
488 1812 531 1837 29.
589 1811 720 1841 cessa
741 1805 848 1841 sunt
870 1800 966 1853 regi
993 1813 1160 1841 nonum
1185 1800 1344 1851 vellus,
1369 1812 1516 1840 nonus
1540 1812 1702 1852 agnus,
1723 1811 1845 1840 nona

375 1875 516 1901 Anamis
590 1866 750 1918 garba,
802 1879 885 1919 per
939 1866 1183 1915 biennium,
1240 1867 1299 1907 ab
1355 1866 1564 1906 omnibus
1622 1865 1700 1918 qui
1763 1878 1847 1918 per

373 1910 535 1975 ῗιῖἓῃὲἳῗιὲῗ
589 1932 827 1972 baroniam
870 1935 1077 1973 tenerent
1120 1936 1167 1972 et
1201 1931 1259 1972 ad
1300 1931 1653 1985 parliamentum
1690 1931 1845 1972 venire

588 2001 884 2049 tenerentur3
931 2002 981 2039 at
1022 1997 1218 2051 praelati,
1255 1996 1472 2050 religiosi,
1509 2010 1563 2038 ac
1597 1997 1751 2039 caeteri
1789 1997 1845 2038 de

588 2063 727 2114 clero,
767 2068 820 2105 ut
862 2063 1172 2117 praemittitur,
1217 2064 1446 2105 solventes
1490 2063 1710 2104 decimam
1748 2063 1846 2115 regi

589 2133 725 2171 antea
752 2142 1031 2180 concessam,
1052 2129 1229 2171 solvere
1256 2130 1439 2170 minime
1459 2134 1745 2171 arctarentur
1765 2128 1846 2170 illa

588 2195 717 2244 vice;
763 2197 950 2250 insuper
986 2196 1053 2237 illi
1091 2196 1171 2250 qui
1210 2196 1267 2237 ad
1309 2195 1659 2250 parliamentum
1689 2195 1846 2237 venire

587 2274 679 2302 non
716 2267 1065 2312 consueverunt,
1100 2262 1280 2315 praelati
1311 2262 1501 2310 scilicet,
1535 2261 1753 2317 religiosi,
1791 2274 1846 2303 ac

588 2328 743 2369 caeteri
777 2328 833 2370 de
867 2328 1005 2379 clero,
1026 2328 1174 2370 solum
1206 2328 1406 2370 decimas
1441 2332 1577 2369 antea
1607 2327 1706 2381 regi
1739 2340 1847 2368 con-

588 2406 744 2435 cessas
784 2394 963 2436 solvere
1021 2398 1299 2436 tenerentur.
1382 2394 1475 2435 Pro
1544 2394 1630 2435 hac
1690 2398 1843 2435 autem

589 2459 882 2502 concessione
926 2461 1100 2502 remisit
1142 2460 1351 2501 dominus
1381 2473 1463 2501 rex
1496 2464 1542 2501 et
1571 2459 1847 2501 condonavit

590 2526 744 2567 omnia
764 2526 932 2568 catalla
961 2526 1161 2568 selonum
1192 2531 1238 2567 et
1271 2526 1584 2578 fugitivorum,
1608 2525 1847 2566 evasiones

587 2591 991 2645 incarceratorum,
1030 2593 1157 2642 fines,
1201 2592 1369 2642 exitus,
1412 2591 1759 2640 forisfactiones,
1800 2596 1847 2632 et

587 2659 942 2700 amerciamenta
973 2658 1278 2708 murdmmm,
1318 2662 1365 2699 et
1403 2657 1557 2699 omnia
1590 2657 1758 2698 delicta
1792 2657 1848 2698 de

635 2802 724 2836 ¹The
737 2815 822 2845 copy
835 2806 967 2845 printed
981 2806 1014 2837 in
1025 2806 1150 2846 Rymer
1164 2807 1264 2839 reads
1276 2807 1285 2824 ‘
1297 2807 1424 2839 Datum
1441 2807 1533 2847 apud
1545 2807 1760 2847 Gandavum,
1770 2807 1848 2838 etc.'
