2038 3306
353 429 472 455 Edward
485 429 509 455 1.

350 464 385 489 A.
396 464 431 488 D.
446 462 521 488 1297.

335 518 438 544 Affain
451 518 482 543 or

335 551 476 578 scotland.

335 694 458 719 Wallace

335 734 484 752 summons

336 761 385 785 the
397 761 452 791 city
465 759 496 784 of

336 793 452 818 earlisle
465 795 494 817 to

335 827 493 852 sun-ander.

550 302 635 344 142
1041 310 1319 342 cmmmcon

550 429 640 458 non
660 420 760 457 crat
783 414 862 469 qui
892 414 1148 468 impediret,
1169 415 1256 456 nisi
1279 416 1402 470 quod
1430 415 1516 458 viri
1539 416 1724 470 quidam
1748 429 1807 457 ex

552 482 720 524 nostris
751 481 831 535 qui
863 485 996 522 erant
1025 481 1072 521 in
1095 481 1309 534 praesidio
1333 482 1475 524 castri
1501 481 1558 524 de
1579 481 1808 536 Alnewyk

552 554 599 590 et
638 548 832 589 aliorum
874 550 1128 588 castrorum
1171 547 1419 600 aliquando
1461 554 1683 590 exeuntes
1726 561 1807 589 ex-

552 620 720 655 tremas
763 625 920 654 eorum
969 612 1188 666 reliquias
1227 613 1481 662 caedebant,
1531 614 1578 654 in
1628 613 1808 655 modica

552 685 704 721 tamen
739 683 885 732 parte.
958 677 1015 719 In
1051 678 1169 719 festo
1191 691 1301 720 vero
1336 679 1486 720 sancti
1523 678 1730 729 Martini,
1762 685 1809 720 et

550 759 631 799 per
651 749 841 787 octavas
862 749 1120 798 sequentes,
1142 745 1407 798 conglobati
1428 744 1554 786 Scoti
1575 757 1808 798 processe-

551 816 658 853 runt
682 812 851 865 ubique
868 815 1104 852 vastantes
1121 811 1288 852 omnia.
1347 810 1555 863 Cumque
1574 811 1808 852 venissent

551 877 817 927 Carliolum,
838 877 1059 918 miserunt
1082 877 1139 918 ad
1160 877 1318 918 urbem
1350 875 1635 918 sacerdotem
1666 890 1808 931 quen-

551 944 657 985 dam
687 944 861 998 absque
885 943 1044 993 levita,
1067 943 1147 996 qui
1171 943 1341 984 diceret
1365 942 1463 984 haec
1479 946 1591 994 ;—-“
1608 942 1808 985 Mandat

551 1010 680 1052 vobis
714 1010 925 1051 dominus
957 1021 1085 1050 meus
1115 1008 1375 1051 Willelmus
1407 1008 1725 1061 Conqmcstor,
1756 1014 1808 1051 ut

550 1077 659 1118 vitae
691 1081 856 1117 vestrae
891 1074 1196 1125 consulentes,
1228 1075 1402 1128 absque
1434 1075 1670 1127 sanguinis
1694 1075 1807 1116 effu-

551 1142 677 1184 sione
714 1141 915 1183 reddatis
955 1141 996 1182 ei
1034 1141 1194 1182 villam
1238 1145 1284 1182 et
1321 1146 1542 1190 castrum,
1588 1140 1808 1194 dabitque

553 1208 682 1249 vobis
712 1208 834 1249 vitas
858 1212 904 1248 et
935 1207 1139 1248 membra
1169 1211 1216 1247 et
1246 1207 1400 1247 omnia
1430 1206 1599 1247 catalla
1621 1210 1805 1257 vestra;

553 1273 675 1326 quod
707 1273 747 1314 si
777 1286 867 1314 non
897 1271 1095 1314 feceritis
1126 1271 1366 1314 confestim
1393 1272 1679 1325 expugnabit
1710 1285 1808 1322 VOS,

551 1344 598 1381 et
643 1338 701 1380 ad
745 1338 1099 1380 internecionem
1143 1350 1290 1391 usque
1336 1337 1553 1379 delebit.'’
1633 1337 1700 1379 At
1741 1338 1808 1379 illi

550 1404 884 1458 responderunt
919 1405 975 1454 ei,
1013 1407 1042 1426 “
1061 1403 1178 1455 Quis
1212 1409 1283 1445 est
1318 1403 1396 1445 ille
1428 1403 1807 1457 Conquaestor'i”

549 1470 616 1513 At
638 1471 744 1513 ille:
777 1475 807 1493 “
821 1470 1100 1520 willelmus,
1131 1483 1266 1524 quem
1291 1469 1485 1524 Walays
1518 1470 1808 1512 nominatis.''

550 1536 835 1592 Adjecerunt
851 1541 896 1578 et
914 1536 1006 1578 illi:
1033 1539 1062 1558 “
1082 1536 1187 1577 Rex
1205 1536 1408 1586 noster,''
1432 1536 1659 1589 inquiunt,
1684 1540 1712 1559 “
1727 1549 1807 1578 cu·-

552 1616 650 1644 ram
669 1607 716 1644 et
747 1602 1002 1644 custodiam
1025 1602 1230 1643 civitatis
1252 1602 1387 1643 istius
1413 1606 1459 1643 et
1481 1603 1621 1643 castri
1643 1603 1742 1643 vice
1762 1607 1809 1644 et

553 1669 734 1710 nomine
762 1681 847 1710 suo
878 1672 925 1709 et
955 1667 1186 1708 haeredum
1226 1680 1412 1709 suorum
1438 1668 1570 1723 nobis
1603 1668 1808 1718 tradidit,

553 1739 600 1776 et
630 1735 855 1776 credimus
887 1747 989 1775 eum
1019 1746 1110 1775 non
1141 1733 1309 1775 habere
1344 1738 1524 1787 gratum
1553 1733 1624 1774 vel
1654 1738 1807 1775 ratum

553 1800 720 1842 habere
732 1801 851 1842 velle
871 1807 921 1841 ut
936 1800 1118 1841 domino
1135 1805 1216 1841 tuo
1233 1799 1467 1841 Willelmo
1492 1803 1504 1821 ‘
1520 1800 1595 1840 ea’
1610 1798 1623 1820 ¹
1644 1800 1807 1842 libere-

553 1879 684 1918 mus3
726 1867 806 1908 sed
845 1866 977 1916 vade,
1020 1870 1066 1907 ct
1102 1866 1174 1906 dic
1212 1866 1253 1906 ei
1293 1870 1345 1906 ut
1378 1866 1417 1906 si
1457 1864 1595 1906 ‘ea'¹
1641 1866 1808 1908 habere

553 1928 780 1975 voluerit²
820 1933 974 1974 veniat
1012 1932 1070 1972 ad
1106 1931 1290 1973 modum
1324 1931 1430 1972 boni
1465 1931 1810 1985 Conquaestoris

552 2003 598 2039 et
647 1995 798 2039 locum
851 2003 1106 2050 expugnet,
1157 1997 1414 2050 habeatque
1465 1998 1504 2038 si
1553 1998 1701 2051 possit
1744 1999 1808 2040 ci-

552 2064 743 2105 vitatem
812 2068 858 2104 et
913 2068 1113 2104 castrum
1167 2068 1214 2104 et
1264 2064 1481 2104 universa
1542 2065 1807 2106 contenta.''

552 2130 761 2183 Moxque
812 2129 893 2170 illo
944 2129 1183 2170 recedente
1224 2129 1518 2170 tetenderunt
1575 2130 1809 2172 machinas

550 2201 597 2238 et
647 2196 705 2237 ad
752 2195 1059 2237 resistendum
1100 2199 1380 2248 paraverunt
1428 2208 1492 2236 se.
1564 2194 1700 2245 Quod
1742 2197 1808 2238 vi·

550 2263 705 2304 dentes
726 2262 853 2303 Scoti
876 2262 1224 2303 declinaverunt
1255 2262 1312 2302 ab
1333 2261 1462 2311 urbe,
1483 2265 1809 2304 vastaverunt-

549 2341 637 2382 que
658 2329 874 2369 universa
905 2341 986 2381 per
1008 2328 1207 2368 medium
1238 2327 1421 2368 forestae
1448 2327 1505 2368 de
1528 2326 1809 2380 Inglewode‚

551 2393 855 2436 Cumberland
883 2398 930 2435 et
962 2397 975 2415 ‘
992 2390 1283 2435 Allendale’³
1314 2405 1457 2446 usque
1482 2393 1728 2435 Derewent
1750 2394 1806 2435 ad

548 2464 561 2482 ‘
580 2459 893 2502 Cokermouth
911 2458 967 2507 ;’4
1002 2472 1093 2500 non
1127 2459 1247 2500 enim
1277 2459 1482 2511 pepercit
1514 2471 1670 2498 eorum
1696 2472 1806 2500 ocu—

547 2526 619 2567 lus
654 2526 820 2576 ordini,
854 2525 987 2567 sexui
1019 2525 1091 2566 vel
1127 2524 1268 2573 aetati,
1300 2524 1553 2577 quinetiam
1593 2524 1808 2566 ecclesias

550 2592 638 2633 Dei
684 2596 1028 2634 concremantes
1086 2590 1186 2644 ejus
1234 2589 1500 2631 sanctuaria
1547 2590 1680 2643 quasi
1723 2604 1808 2644 pro

596 2714 605 2733 ¹
631 2716 641 2733 ‘
652 2713 748 2757 eam,‘
764 2717 841 2750 MS.
857 2716 946 2749 Cott.
961 2716 1066 2755 Vesp.
1242 2712 1256 2733 ³
1279 2713 1290 2731 ‘
1302 2710 1500 2754 Allerdale,’
1518 2714 1619 2747 MSS.

595 2760 607 2778 ²
631 2762 723 2794 Here
761 2763 818 2795 the
856 2763 981 2794 lacuna
1017 2762 1052 2793 in
1083 2761 1159 2793 MS.
1242 2758 1255 2778 ⁴
1278 2761 1530 2801 ‘Kokermew,’
1590 2761 1665 2793 MS.
1720 2762 1808 2795 Con.

548 2808 673 2840 Lansd.
690 2809 786 2840 ends.
1196 2807 1294 2839 Arm.
