2038 3306
570 296 658 340 356
1061 303 1340 341 onnomcon

357 424 558 483 nawarasffl.
574 425 677 466 quae
694 411 794 466 Ays
818 410 985 454 dicitur
1005 412 1079 454 die
1100 412 1296 454 Veneris
1318 413 1364 454 in
1387 413 1546 466 vigilia
1569 411 1724 454 Sancti
1749 411 1780 453 J
1783 424 1834 452 o·

360 459 481 547 &12¹
538 475 548 485 ”
575 478 738 519 hannis
766 478 989 532 Baptistae
1018 479 1151 532 quasi
1170 479 1218 519 in
1238 479 1425 521 meridie
1446 490 1663 533 prospere
1687 477 1834 531 appli-
2020 485 2033 509 t

359 549 437 574 '¹²⁰⁰
448 549 493 574 ²³·
576 545 685 586 cuit.
718 543 888 585 Gallici
904 557 1011 586 vero
1027 557 1130 586 cum
1145 555 1245 586 cce.
1261 546 1472 595 navibus,
1491 549 1770 586 armatorum
1788 547 1836 584 et

576 610 916 652 balistariorum
955 609 1247 652 multitudine
1277 611 1448 664 optime
1476 609 1679 660 munitis,
1703 608 1836 662 quasi

576 676 623 717 in
665 677 785 718 ostio
821 676 949 718 fluvii
991 676 1047 718 de
1094 676 1260 718 Sclusa
1290 675 1591 726 decurrentis,
1623 675 1682 716 ad
1712 687 1838 716 mare

363 757 515 783 namen·
578 755 628 784 se
648 747 927 784 statuerunt.
977 742 1067 784 Die
1088 749 1242 784 autem
1264 742 1455 784 Sabbati
1472 742 1518 783 in
1541 741 1657 783 festo
1679 740 1837 782 Sancti

362 791 553 856 ἓῗιῗῗέῗοῃω
578 808 608 850 J
613 808 806 850 ohannis
840 808 1083 863 Baptistae,
1107 814 1208 850 orto
1229 808 1310 849 vix
1335 808 1447 858 sole,
1480 808 1596 849 velis
1619 806 1839 860 depositis

364 857 514 917 {322¹‘2323'
579 880 778 929 quatuor
812 875 933 916 acies
964 875 1168 925 navales,
1197 874 1427 928 colligatis
1458 874 1639 927 magnis
1665 872 1841 914 catenis

579 941 736 982 ferreis
757 945 803 982 et
825 941 974 983 cordis
1008 941 1192 982 insimul
1222 941 1433 990 navibus,
1461 939 1631 981 Gallici
1664 943 1843 981 statue-

580 1012 702 1055 runt,
723 1007 1011 1061 scaphasque
1034 1019 1143 1049 suas
1166 1007 1385 1061 parvulas
1415 1006 1642 1060 lapidibus
1664 1005 1841 1059 plenas,

580 1073 627 1114 in
656 1073 805 1114 medio
830 1073 939 1115 mali
969 1072 1316 1127 suspendentes,
1348 1072 1539 1115 castella
1573 1084 1658 1112 sua
1687 1071 1841 1123 lignea

579 1138 627 1179 in
648 1139 912 1181 summitate
949 1139 1058 1180 mali
1088 1143 1347 1180 erexerunt.
1419 1137 1551 1179 Misit
1573 1141 1726 1178 autem
1749 1134 1843 1177 An-

582 1204 685 1257 gliae
717 1217 801 1245 rex
827 1205 885 1246 ad
906 1205 1065 1246 villam
1100 1204 1157 1246 de
1182 1203 1280 1258 Ays
1310 1204 1573 1258 episcopum
1611 1200 1843 1243 Lincolni-

583 1283 735 1311 ensem
752 1275 804 1311 ut
827 1270 1132 1311 Flandrenses
1154 1274 1200 1311 et
1215 1273 1408 1311 caeteros
1433 1268 1653 1322 Anglicos
1671 1267 1839 1309 ibidem

584 1340 805 1389 repertos,
827 1349 929 1377 cum
952 1341 1132 1390 tempus
1167 1335 1414 1377 infestandi
1445 1335 1652 1376 inimicos
1675 1346 1843 1388 oppor-

583 1407 746 1443 tunum
771 1402 1007 1452 arrideret,
1031 1415 1139 1456 rege
1171 1401 1376 1444 Gallicos
1396 1402 1712 1455 impugnante,
1735 1413 1845 1441 con-

584 1474 812 1522 gregaret,
831 1481 885 1510 ac
897 1474 1085 1522 paratos
1107 1468 1232 1510 exire
1253 1468 1310 1509 ad
1327 1468 1497 1510 bellum
1518 1467 1716 1518 faceret;
1738 1477 1844 1520 spes
2024 1440 2034 1527 J

583 1540 736 1576 tamen
759 1534 859 1589 ejus
877 1535 1077 1576 evanuit.
1149 1534 1206 1576 In
1226 1534 1441 1576 conflictu
1466 1534 1584 1576 enim
1605 1537 1780 1574 stantes
1797 1532 1844 1572 in

583 1601 685 1654 ripa
722 1601 861 1642 maris
908 1601 1214 1642 Flandrenses
1250 1602 1425 1642 exitum
1458 1600 1584 1648 belli,
1630 1605 1682 1640 ut
1721 1597 1844 1652 parti

584 1666 763 1708 victrici
796 1667 951 1708 favere
973 1667 1195 1716 valerent,
1226 1673 1279 1707 ut
1313 1667 1567 1716 dicebatur,
1590 1665 1736 1707 solum
1761 1677 1844 1705 ex-

585 1732 845 1785 pectabant.
917 1732 977 1774 Et
1015 1733 1172 1774 eodem
1210 1732 1299 1780 die.
1336 1745 1498 1785 parum
1536 1737 1642 1773 ante
1684 1730 1845 1771 horam

584 1810 838 1852 vesperam,
894 1798 1025 1839 navis
1087 1798 1257 1839 domini
1314 1798 1507 1839 Roberti
1563 1798 1620 1838 de
1668 1796 1845 1838 Morlee

584 1864 770 1917 navigio
791 1863 1075 1905 Gallicorum
1092 1865 1238 1917 primo
1251 1865 1452 1905 omnium
1467 1863 1688 1904 insultum
1707 1862 1847 1912 dedit,

585 1934 691 1982 post
719 1929 847 1970 illam
879 1930 1011 1971 navis
1042 1929 1221 1971 comitis
1252 1929 1307 1971 de
1340 1929 1665 1983 Huntingdon,
1685 1927 1847 1969 deinde

586 1996 766 2036 comitis
816 1995 872 2036 de
919 1995 1277 2049 Northampton,
1337 1996 1499 2037 deiude
1542 1995 1740 2037 Walteri
1791 1994 1848 2035 de

590 2061 810 2115 Mannay,
849 2062 1006 2115 sicque
1041 2062 1236 2114 singulae
1267 2073 1408 2104 naves
1443 2074 1602 2103 versus
1639 2060 1848 2102 inimicos

587 2126 873 2177 festinantes,
916 2128 1058 2169 solem
1091 2133 1136 2169 et
1173 2133 1359 2169 ventum
1394 2140 1546 2169 secum
1590 2127 1849 2168 habuerunt

581 2193 724 2247 juxta
746 2198 922 2235 votum.
994 2194 1055 2235 Et
1084 2194 1217 2248 quasi
1246 2194 1293 2234 in
1323 2195 1484 2247 agonis
1509 2194 1732 2248 principio
1756 2198 1849 2234 tres

588 2259 814 2301 maximos
863 2272 1064 2312 cogones
1112 2272 1228 2313 quos
1278 2261 1506 2302 vocabant
1558 2258 1849 2308 Edwardum,

591 2324 884 2376 Katerinam,
907 2330 954 2367 et
983 2325 1174 2376 Rosam,
1198 2325 1306 2366 olim
1343 2326 1398 2368 de
1434 2326 1645 2375 manibus
1671 2324 1849 2378 Anglo-

589 2404 689 2432 rum
725 2392 771 2432 in
807 2392 921 2433 mari
955 2391 1178 2442 sublatos,
1201 2391 1355 2446 adepti
1378 2397 1499 2433 sunt.
1569 2391 1850 2446 Subjugata-

590 2470 679 2510 que
699 2458 845 2511 prima
876 2458 1031 2499 navali
1062 2458 1175 2508 acie,
1196 2458 1275 2511 qui
1294 2459 1419 2499 intus
1441 2463 1571 2500 erant
1590 2457 1745 2511 gladio
1775 2456 1852 2497 de-

589 2523 696 2564 letis
729 2528 775 2565 et
810 2524 1078 2565 conculcato
1115 2524 1234 2577 regis
1272 2524 1478 2566 Franciae
1500 2522 1686 2572 vexillo,
1707 2522 1851 2575 regis-

591 2602 680 2642 que
715 2587 898 2642 Angliae
931 2590 977 2630 in
1009 2588 1192 2630 sublimi
1227 2590 1273 2630 in
1306 2590 1452 2631 tribus
1489 2589 1622 2630 dictis
1658 2589 1853 2629 navibus

585 2655 791 2704 elevato,
810 2655 999 2709 reliquae
1016 2668 1156 2696 naves
1180 2655 1376 2708 singulae
1393 2655 1549 2709 sugam
1573 2654 1686 2695 inire
1707 2660 1854 2707 temp-

593 2720 783 2773 tabant3
816 2720 1127 2763 circumclusae
1162 2726 1315 2762 tamen
1337 2722 1394 2762 ab
1416 2721 1598 2774 Anglis,
1634 2720 1854 2774 depositis

594 2787 733 2827 armis
755 2788 866 2837 suis,
891 2788 969 2840 qui
996 2788 1118 2829 intus
1143 2791 1273 2828 erant
1291 2787 1486 2841 scaphas
1508 2787 1753 2836 intrabant,
1775 2786 1852 2827 sed
