2038 3306
310 426 430 451 Edwnrd
443 426 468 452 1.

305 461 340 484 A.
352 459 386 484 D.
402 460 478 486 1³04.

291 515 444 541 Ecclesias-

290 549 357 575 tical
369 548 471 574 affairs.

505 302 591 343 234
997 310 1273 342 canonicos

506 417 675 458 tionem
700 420 746 457 et
770 415 1159 456 consecrationem
1183 416 1428 457 electorum
1450 416 1495 457 in
1519 416 1644 458 curia
1668 416 1765 458 Ro-

505 495 641 524 mana
660 487 893 531 vacantes,
909 480 1118 522 dominus
1134 494 1257 535 papa
1272 481 1477 523 conferre
1494 483 1759 530 consuevit3

507 554 552 589 et
596 548 661 589 sic
711 546 905 588 contulit
948 546 1241 600 praebendam
1282 547 1416 588 istius
1460 546 1650 589 Thomae
1705 548 1762 589 de

507 613 845 667 Styvelington.
911 612 1018 666 Ipse
1048 612 1187 653 etiam
1217 612 1589 666 archiepiscopus
1616 613 1760 667 impe-

507 679 646 720 travit
678 679 725 720 in
755 678 897 728 curia,
929 677 1052 731 quod
1086 678 1310 731 capellam
1341 677 1500 719 Sancti
1524 677 1763 732 Sepulchri

505 746 550 785 in
572 744 764 786 ecclesia
786 744 986 785 Eborum
1012 742 1219 785 conferre
1245 748 1402 796 posset
1428 743 1476 784 in
1506 744 1653 786 reditu
1676 756 1762 786 suo

506 811 578 851 cui
594 809 748 860 vellet,
765 815 811 851 et
825 809 950 850 dedit
962 822 1061 850 eam
1079 809 1258 851 cuidam
1275 812 1287 830 ‘
1302 808 1332 850 J
1337 808 1516 851 acobo’²
1542 808 1761 862 Segrave.

506 875 650 917 Modo
675 875 885 917 dominus
919 888 1017 925 rex,
1048 875 1202 916 nescio
1230 887 1321 928 quo
1353 874 1518 917 ductus
1553 875 1760 924 consilio,

505 942 645 996 coepit
658 941 897 982 vendicare
914 941 1068 982 taliter
1083 945 1316 989 vacantes,
1332 946 1378 982 et
1393 944 1514 982 ‘eam
1524 938 1554 961 ’2
1569 941 1763 982 contulit

505 1008 684 1049 cuidam
725 1007 889 1049 clerico
938 1019 1023 1047 suo
1080 1005 1282 1047 Johanni
1335 1006 1500 1056 Busse,
1545 1006 1760 1060 misitque

507 1073 667 1114 literas
690 1085 799 1114 suas
826 1072 1010 1113 domino
1035 1072 1378 1125 archiepiscopo
1399 1077 1451 1113 ut
1473 1084 1576 1112 eum
1599 1072 1760 1113 admit-

505 1143 637 1188 teret,
684 1144 731 1180 et
771 1138 818 1179 in
856 1138 1190 1191 possessionem
1234 1138 1421 1178 duceret
1461 1137 1760 1190 corporalem.

507 1203 598 1254 Qui
622 1203 870 1257 respondit,
893 1204 977 1244 hoc
996 1216 1096 1243 esse
1116 1203 1289 1244 factum
1314 1202 1483 1243 domini
1504 1215 1653 1256 papae,
1677 1215 1761 1244 nec

503 1282 553 1310 se
583 1281 718 1322 posse
744 1269 989 1322 quicquam
1010 1268 1158 1309 facere
1180 1280 1260 1309 seu
1289 1267 1482 1319 debere3
1513 1269 1762 1322 statimque

502 1347 586 1375 rex
625 1347 727 1375 eum
761 1334 916 1375 vocari
950 1333 1057 1374 fecit
1089 1346 1243 1374 coram
1275 1332 1542 1387 justitiariis
1575 1334 1672 1375 suis
1703 1334 1760 1375 de

503 1404 768 1453 contemptu
803 1412 1103 1453 responsurus
1144 1412 1226 1452 per
1266 1400 1419 1449 breve,
1466 1399 1622 1450 Quare
1666 1413 1758 1441 non

503 1465 700 1507 admisit.
754 1464 853 1506 Nec
876 1464 962 1507 fuit
983 1464 1148 1518 aliquis
1169 1465 1225 1506 de
1247 1465 1439 1506 consilio
1463 1478 1547 1506 suo
1571 1478 1652 1506 seu
1676 1465 1761 1507 ali-

503 1531 607 1585 quis
644 1535 930 1572 narratorum
955 1531 1156 1572 omnium
1187 1531 1267 1583 qui
1290 1536 1445 1583 posset
1472 1531 1545 1572 vel
1569 1531 1759 1573 auderet

503 1597 778 1650 respondere
794 1609 877 1651 pro
895 1609 950 1637 eo
968 1609 980 1648 3
1016 1596 1154 1637 immo
1169 1596 1362 1650 ipsemet
1382 1596 1430 1636 in
1448 1597 1635 1649 propria
1653 1610 1755 1651 per-

502 1674 633 1712 sona,
682 1662 815 1715 quasi
856 1674 974 1702 unus
1019 1661 1075 1702 de
1126 1662 1297 1715 populo
1342 1667 1389 1702 et
1432 1671 1584 1703 coram
1633 1664 1754 1704 omni

501 1727 688 1780 populo,
702 1727 990 1780 discooperto
1011 1726 1162 1780 capite
1183 1727 1501 1780 respondebat,
1526 1741 1616 1769 non
1637 1729 1756 1770 enim

501 1806 603 1834 eum
646 1793 862 1834 amabant
909 1792 1118 1834 curiales.
1180 1793 1387 1846 Cumque
1437 1793 1580 1835 nollet
1622 1807 1754 1835 suum

500 1863 677 1899 mutare
723 1871 1008 1912 responsum,
1056 1858 1134 1899 sed
1180 1858 1352 1900 factum
1407 1858 1578 1900 domini
1624 1873 1757 1914 papae

500 1924 714 1973 iterabat,
761 1924 1182 1977 pronunciaverunt
1221 1937 1323 1965 eum
1367 1924 1667 1976 indefensum,
1710 1932 1757 1968 et

501 1990 735 2030 baroniam
773 2001 903 2030 suam
939 1989 987 2030 in
1025 2002 1209 2031 manum
1244 1990 1414 2031 domini
1454 1991 1575 2043 regis
1624 1992 1755 2034 seisi-

500 2060 649 2096 erunt.
738 2054 1040 2108 Recessitque
1089 2055 1250 2105 tristis,
1311 2061 1358 2097 et
1406 2056 1606 2098 tristitiae
1655 2071 1756 2101 suc-

500 2121 637 2161 cessit
678 2120 933 2170 infirmitas,
978 2126 1024 2162 et
1074 2120 1325 2162 infirmitati
1374 2135 1496 2163 mors
1548 2129 1756 2166 extrema

499 2186 714 2227 sociatur.
786 2185 891 2237 Quo
919 2191 1116 2237 mortuo,
1151 2186 1257 2228 fecit
1290 2187 1501 2229 dominus
1529 2202 1612 2231 rex
1643 2203 1753 2232 eun-

499 2251 600 2292 dem
635 2264 894 2305 processum
936 2257 1096 2293 contra
1139 2253 1361 2294 decanum
1397 2259 1443 2295 et
1487 2256 1753 2308 capitulum.

499 2316 564 2358 At
587 2317 654 2358 illi
678 2317 890 2358 timentes
914 2317 1138 2359 saevitiam
1163 2319 1302 2372 regis,
1327 2332 1381 2361 eo
1402 2320 1524 2373 quod
1548 2321 1755 2363 dominus

499 2395 580 2423 rex
603 2383 755 2424 omnia
788 2383 1060 2437 temporalia
1089 2396 1173 2424 sua
1199 2384 1382 2426 seisisse
1410 2386 1635 2436 voluerat,
1656 2388 1755 2441 pla-

498 2454 717 2490 caverunt
756 2462 858 2490 eum
897 2449 942 2489 in
979 2454 1126 2502 parte,
1155 2455 1201 2491 et
1238 2450 1506 2503 praedictum
1539 2453 1751 2495 clericum

498 2514 778 2556 admiserunt
811 2515 869 2555 ad
898 2515 1119 2568 capellam
1153 2515 1359 2565 eandem,
1386 2523 1606 2570 ponentes
1637 2532 1752 2572 prae-

500 2580 690 2621 bendam
714 2593 773 2622 ex
798 2580 948 2633 gratia
972 2581 1092 2633 regis
1115 2581 1160 2621 in
1183 2594 1416 2635 suspenso.

578 2728 587 2747 ¹
612 2730 621 2746 ‘
636 2730 780 2762 Yhames
796 2730 863 2772 de,'
879 2731 954 2764 MS.
971 2731 1095 2764 Lansd.
1284 2729 1297 2750 ²
1319 2732 1329 2748 ‘
1342 2732 1423 2772 eas,’
1439 2733 1515 2765 MS.
1533 2733 1657 2765 Lausd.

2022 2661 2027 2669 ·
2017 2618 2026 2636 “⁵
2022 2610 2025 2611 ¹
2016 2327 2038 2602 =''2·*³²r-27⁹⁸·e,09⁹m¹2a
2023 2277 2038 2321 -.-·π”
2024 2266 2027 2269 ·
