2038 3306
318 456 438 482 Edwnrd
458 456 482 482 Ι.

321 491 356 515 Δ.
365 490 400 515 D.
416 490 489 515 1298.

518 328 603 370 174
1003 335 1280 368 cnRomcoN

517 443 647 496 ginta
689 441 847 492 millia,
885 441 964 495 qni
997 441 1129 495 quasi
1161 454 1319 484 omnes
1360 446 1492 484 erant
1533 440 1772 483 Hibernici

517 514 563 551 et
580 508 854 550 Wallenses.
926 507 1066 549 Multi
1083 507 1223 549 etiam
1239 513 1466 550 venerunt
1477 507 1770 562 postmodum

517 575 574 616 de
603 574 855 623 Vasconia,
882 573 1063 614 circiter
1093 573 1334 627 quingenti
1367 574 1534 616 armati
1564 574 1611 615 in
1641 574 1771 627 equis

518 640 701 694 optimis
727 645 773 681 et
800 639 940 681 armis
966 639 1315 693 pulcherrimis;
1360 653 1556 693 quorum
1583 640 1770 693 quidam

516 706 816 747 mittebantur
846 718 874 747 a
908 718 1017 758 rege
1055 705 1112 746 ad
1149 704 1495 746 custodiendam
1529 704 1684 746 villam
1716 705 1772 746 de

518 770 788 825 Berewyck,
808 776 855 813 et
884 775 1154 812 manserunt
1180 769 1310 812 ‘ibi'l
1334 783 1479 824 usque
1511 774 1618 824 post
1646 782 1770 811 com-

299 853 361 878 'rhe
380 838 703 878 Earlsormissum
727 837 941 891 proelium
966 850 1070 878 cum
1100 841 1236 890 gente
1265 835 1522 878 Scotorum.
1581 835 1771 877 Interim

300 886 327 911 N
330 886 419 910 orsolk
432 886 487 910 and

300 919 436 944 Heresord

299 951 421 976 demand
433 958 450 976 a

300 985 488 1010 rte-conflrma-

300 1017 359 1042 tion
372 1018 403 1043 of
412 1018 460 1043 the

299 1051 434 1076 chartei-s.

303 1702 362 1727 The
377 1701 454 1733 King

302 1738 396 1760 enters

302 1768 444 1794 scotland.

303 2228 384 2260 Siege
396 2227 427 2253 of

304 2261 414 2286 Dirlton

302 2294 404 2320 Castle.

517 903 706 945 comites
755 903 900 945 nostri
953 903 1252 944 marescallus
1300 906 1347 943 et
1401 901 1770 951 Herefordensis,
1818 909 1827 917 ³

516 973 704 1023 propter
724 969 935 1023 quaedam
959 969 1118 1010 audita
1149 968 1412 1010 dubitantes
1436 968 1491 1009 de
1520 967 1773 1009 mutatione

518 1035 772 1077 voluntatis
804 1035 942 1087 regiae
981 1035 1028 1076 in
1063 1034 1410 1076 confirmatione
1449 1038 1680 1075 cartarum
1715 1032 1771 1074 li-

517 1101 710 1142 bertatis
731 1106 777 1142 et
796 1100 996 1150 forestae,
1021 1113 1076 1142 eo
1104 1100 1225 1154 quod
1250 1100 1601 1141 confirmaverat
1624 1111 1702 1140 eas
1725 1098 1771 1139 in

518 1171 643 1208 terra
673 1167 838 1216 aliena,
861 1166 1080 1208 dixerunt
1099 1179 1149 1207 se
1179 1166 1374 1207 ulterius
1404 1165 1650 1218 procedere
1680 1177 1771 1205 non

517 1232 681 1273 debere
713 1232 802 1272 nisi
836 1231 983 1286 major
1014 1231 1238 1273 securitas
1266 1231 1395 1272 fieret
1434 1235 1481 1271 et
1511 1230 1567 1271 de
1597 1229 1774 1283 equita-

520 1297 644 1339 tione
677 1297 861 1338 forestae
894 1303 941 1338 et
971 1297 1026 1338 de
1059 1297 1238 1338 caeteris
1275 1295 1481 1338 articulis
1514 1295 1772 1350 postulatis.

520 1362 697 1404 Verum
717 1363 827 1416 quia
849 1363 895 1403 in
915 1375 1114 1416 persona
1134 1362 1319 1417 propria
1343 1361 1594 1416 principem
1614 1361 1774 1416 jurare

520 1442 611 1470 non
641 1429 765 1478 licet,
786 1433 833 1470 et
856 1441 936 1470 eos
966 1429 1151 1482 placare
1179 1429 1336 1478 vellet,
1357 1428 1575 1482 praecepit
1603 1440 1704 1478 rex,
1729 1433 1775 1470 et

513 1494 790 1549 juraverunt
830 1494 877 1535 in
920 1495 1118 1536 animam
1163 1494 1264 1549 ejus
1305 1493 1633 1535 Dunolmensis
1678 1493 1775 1547 epi-

521 1573 704 1614 scopus,
725 1573 876 1602 comes
892 1561 948 1602 de
967 1560 1218 1610 Warenna,
1233 1572 1383 1602 comes
1407 1559 1710 1601 Gloucestriae
1729 1564 1776 1601 et

521 1638 672 1668 comes
711 1626 976 1676 Lincolniae‚
1016 1626 1137 1679 quod
1176 1627 1223 1667 in
1265 1626 1415 1667 reditu
1450 1638 1549 1675 suo,
1585 1626 1775 1667 obtenta

521 1692 731 1741 victoria,
779 1691 931 1732 omnia
974 1691 1267 1745 perimpleret
1309 1691 1366 1733 ad
1410 1695 1584 1733 votum.
1667 1690 1774 1742 Quo

521 1758 660 1807 facto,
696 1762 743 1799 et
782 1757 992 1799 omnibus
1031 1758 1089 1799 ad
1130 1757 1465 1811 expeditionem
1508 1757 1615 1799 belli
1660 1770 1775 1810 prae-

520 1823 710 1878 paratis,
771 1827 1092 1876 processerunt
1147 1823 1383 1865 turmatim
1433 1836 1516 1876 per
1569 1823 1773 1864 modicas

520 1890 668 1932 dietas
699 1893 934 1931 vastantes
970 1894 1017 1930 et
1046 1889 1339 1930 incendentes
1377 1889 1605 1938 universa,
1634 1889 1777 1930 nemi-

519 1968 621 1996 nem
653 1959 806 1996 tamen
835 1955 1041 1997 invenire
1078 1959 1293 2008 poterant
1333 1954 1411 2008 qui
1438 1954 1494 1996 de
1531 1954 1772 1996 Scotorum

519 2020 726 2062 exercitu
784 2020 1052 2062 informaret
1115 2033 1208 2062 eos.
1299 2019 1508 2074 Cumque
1572 2020 1773 2062 venisset

518 2099 599 2127 rex
635 2085 758 2139 apud
782 2082 1178 2140 Templehyston‚²
1210 2091 1258 2128 et
1286 2090 1493 2128 moratus
1525 2086 1588 2127 ibi
1611 2085 1774 2127 fuisset

517 2165 598 2205 per
628 2151 724 2193 dies
765 2151 959 2205 aliquot,
992 2153 1262 2194 nunciatum
1294 2157 1365 2194 est
1396 2153 1438 2193 ei
1475 2152 1596 2206 quod
1628 2152 1771 2202 Scoti,

517 2219 596 2271 qui
634 2222 764 2259 erant
807 2217 855 2258 in
895 2217 1110 2271 praesidio
1154 2218 1294 2260 castri
1340 2218 1396 2259 de
1441 2218 1630 2260 Drilton
1668 2231 1773 2260 cum

516 2283 693 2325 duobus
731 2283 932 2324 castellis
970 2283 1192 2334 finitimis,
1223 2297 1328 2337 quae
1361 2283 1546 2338 quidem
1580 2283 1773 2335 castella

515 2362 598 2390 rex
628 2349 927 2403 praeterierat,
957 2349 1128 2391 multas
1158 2351 1361 2403 agebant
1390 2350 1587 2404 praedas,
1617 2355 1663 2392 et
1693 2363 1775 2391 ex·

515 2420 662 2457 trema
697 2419 956 2457 castrorum
988 2427 1193 2465 suorum,
1214 2416 1322 2457 dum
1353 2415 1412 2457 ad
1439 2415 1597 2469 paleas
1621 2415 1774 2457 mitte-

515 2485 686 2531 rentur,
727 2480 962 2523 caedebant
993 2481 1255 2535 aliquando.
1325 2481 1584 2535 Statimque
1625 2481 1774 2523 accito

517 2546 820 2588 Dunolmensi
852 2547 1086 2601 episcopo,
1121 2547 1247 2588 misit
1283 2559 1387 2588 eum
1417 2546 1480 2587 ibi
1517 2551 1569 2588 ut
1603 2559 1659 2588 ea
1692 2547 1773 2588 ob-

563 2682 571 2700 ¹
597 2685 606 2702 ‘
616 2681 762 2724 ibidem,'
779 2684 855 2718 MS.
868 2684 992 2716 Lansd.
1163 2684 1273 2724 partly
1287 2684 1322 2715 in
1337 2684 1393 2716 the
1409 2683 1500 2716 shire
1514 2684 1553 2716 of
1563 2684 1776 2725 Edinburgh.

561 2727 574 2746 ²
595 2730 731 2769 Spelled
754 2731 787 2761 in
815 2731 1009 2771 Knyghton,
1031 2730 1129 2762 Tem·
1162 2731 1243 2762 This
1274 2739 1387 2761 manor
1418 2730 1578 2769 acquired
1607 2731 1651 2762 its
1679 2741 1775 2763 name

514 2775 646 2813 pliston.
678 2777 767 2808 Now
790 2777 992 2817 Kirkliston,
1019 2776 1128 2817 partly
1162 2776 1245 2808 from
1261 2776 1316 2807 the
1341 2776 1486 2816 Knights
1501 2776 1539 2807 of
1556 2776 1611 2808 the
1626 2777 1777 2818 Temple,
1836 2768 1850 2783 '¹

514 2821 547 2851 in
577 2821 631 2853 the
656 2822 744 2853 shire
769 2823 807 2854 of
834 2823 1037 2863 Linlithgow
1063 2823 1129 2854 and
1161 2826 1195 2854 to
1210 2822 1319 2854 whom
1335 2823 1362 2854 it
1374 2822 1530 2862 formerly
1545 2823 1720 2863 belonged.
