2038 3306
475 330 702 363 WAm’Elu
739 331 802 361 DE
834 331 1210 363 HEMINGBURGH.
1404 319 1491 361 173

224 435 419 478 multum
455 436 627 477 crimen
660 436 913 490 pertransit
950 435 1162 486 inultum,
1197 434 1388 490 pacifice
1421 435 1489 476 lo-
1522 447 1682 505 {dgfflg

227 503 454 556 quebatur
489 502 547 543 ad
582 515 676 543 eos.
747 502 809 543 Et
841 501 952 543 data
984 502 1180 556 pecunia
1210 515 1379 556 magna
1403 514 1488 555 pro
1505 499 1565 561 Thss
1579 482 1693 568 ,ἐξελ

226 568 405 610 damnis
441 581 598 610 eorum
638 573 685 609 et
731 568 929 623 injuriis,
959 581 1171 610 reversus
1201 572 1274 610 est
1309 569 1356 609 in
1389 566 1485 609 An·
1504 573 1618 595 retum
1632 573 1661 594 ¹⁰

229 634 371 687 gliam
397 635 519 676 circa
542 634 742 676 medium
764 633 1176 688 Quadragesimae.¹
1507 602 1647 634 augme.

256 785 458 836 Quomodo
467 784 693 840 festinavit
713 783 803 824 Rex
822 797 915 825 cum
937 782 1139 824 Eoeercitu
1162 788 1306 825 contra
1327 784 1475 825 Scotos.

291 900 431 943 Anno
462 900 651 942 Domini
682 910 966 943 M.ccxcvn1.
998 905 1245 954 postquam
1276 913 1489 942 reversus
1505 918 1688 943 summonsa

227 973 298 1009 est
331 981 415 1008 rex
454 979 482 1007 a
505 965 741 1015 Flandria,
773 967 935 1007 statuit
964 966 1319 1019 parliamentum
1355 979 1488 1007 suum
1503 950 1672 1009 {fflissgi‘m

226 1033 350 1087 apud
381 1033 583 1074 Eborum
613 1032 661 1072 in
688 1031 808 1073 festo
831 1031 1150 1082 Pentecostes‚
1174 1031 1489 1086 praemisitque
1505 1016 1634 1081 ἓῖιῖἕζξξ

225 1099 383 1141 literas
407 1111 517 1140 suas
538 1097 596 1139 ad
626 1102 868 1150 magnates
890 1098 1072 1148 Scotiae,
1094 1103 1162 1148 ut,
1190 1098 1229 1139 si
1259 1099 1307 1140 in
1340 1098 1488 1140 fideli·
1506 1084 1573 1116 ΜΨ
1585 1083 1661 1109 ²⁵¹¹*

228 1170 325 1207 tate
350 1178 435 1207 sua
457 1165 506 1206 in
530 1177 622 1218 qua
652 1177 731 1205 eos
758 1164 996 1206 dimiserat
1028 1164 1179 1206 adhuc
1207 1164 1490 1218 persistendo

229 1236 481 1281 manerent,
499 1231 547 1272 in
582 1230 741 1272 eodem
774 1230 1080 1284 parliamento
1103 1230 1251 1272 modis
1281 1231 1492 1273 omnibus

228 1311 278 1339 se
314 1299 487 1351 absque
516 1297 613 1338 ulla
647 1297 947 1338 excusatione
986 1303 1347 1350 praesentarent;
1382 1297 1491 1338 alio-

229 1365 354 1417 quin,
399 1364 522 1405 omni
561 1363 862 1416 ambiguitate
915 1363 1192 1417 postposita,
1236 1376 1316 1404 eos
1363 1363 1492 1405 velut

228 1431 386 1472 hostes
416 1430 624 1484 publicos
655 1433 862 1471 censeret
892 1428 1121 1470 hostiliter
1159 1434 1205 1470 et
1235 1442 1339 1470 cum
1366 1430 1492 1471 omni

229 1497 523 1538 festinatione
561 1494 861 1548 expetendos.
932 1494 1140 1549 Cumque
1170 1508 1261 1536 non
1282 1497 1491 1538 venirent
1506 1505 1640 1563 {repaga-

229 1575 377 1616 neque
407 1562 655 1611 mitterent,
685 1561 914 1602 ordinavit
939 1574 1023 1602 rex
1059 1574 1161 1602 cum
1192 1562 1491 1615 optimatibus
1506 1545 1698 1630 ἕξξιέξξῗὲπ

229 1629 342 1678 suis,
366 1628 445 1681 qui
465 1628 631 1669 ibidem
657 1631 951 1668 occurrerant
973 1627 1016 1668 ei
1043 1627 1100 1668 ab
1134 1628 1245 1668 urbe
1269 1627 1326 1668 de
1351 1628 1492 1669 Bere·
1680 1621 1687 1628 ’

231 1694 350 1736 wick
372 1699 418 1735 et
437 1694 483 1735 in
509 1693 666 1735 osculo
686 1693 814 1747 pacis
840 1693 899 1734 ab
923 1706 978 1734 eo
999 1693 1203 1747 suscepti
1225 1700 1350 1743 sunt,
1371 1698 1423 1735 ut
1444 1694 1490 1735 in

230 1761 434 1803 crastino
449 1760 725 1801 Nativitatis
741 1759 865 1801 beati
882 1758 913 1800 J
917 1759 1111 1801 ohannis
1125 1760 1351 1813 Baptistae
1367 1761 1490 1814 apud
1507 1769 1692 1829 {muggam

234 1826 547 1879 Rokesburgh
567 1839 672 1867 cum
696 1826 824 1879 equis
847 1831 893 1867 et
909 1825 1047 1867 armis
1068 1838 1226 1868 omnes
1241 1827 1314 1867 sui
1336 1826 1491 1868 fideles
1630 1819 1637 1827 ’

231 1893 540 1935 convenirent.
586 1892 778 1934 Interim
803 1905 912 1934 vero
934 1892 1140 1934 visitavit
1163 1905 1247 1933 rex
1270 1893 1490 1935 Sanctum

231 1959 261 2001 J
267 1959 493 2001 ohannem
531 1959 587 1999 de
629 1958 897 2008 Beverlaco,
935 1959 1055 2000 sicut
1089 1964 1135 2000 et
1173 1958 1276 1999 aliis
1313 1960 1491 2000 vicibus

231 2026 279 2066 in
311 2025 541 2067 redeundo
573 2030 619 2066 et
651 2024 800 2066 eundo
834 2024 986 2066 facere
1021 2025 1275 2066 consuevit.
1338 2024 1492 2066 Adve-

232 2092 388 2134 niente
423 2092 580 2145 itaque
603 2091 867 2132 Nativitate
892 2091 1137 2143 Baptistae,
1177 2096 1491 2132 convenerunt

234 2171 393 2199 omnes
423 2158 470 2198 in
513 2157 615 2198 loco
655 2157 919 2204 nominato;
970 2161 1017 2197 et
1059 2161 1326 2197 numeratus
1369 2157 1490 2210 regis

236 2224 468 2265 exercitus
517 2236 621 2264 cum
665 2222 908 2264 comitibus
950 2222 1047 2262 suis
1101 2227 1148 2263 et
1188 2221 1493 2264 Dunolmensi

235 2291 465 2343 episcopo,
487 2289 576 2330 tria
600 2288 744 2329 millia
775 2287 1024 2329 electorum
1049 2287 1097 2328 in
1126 2287 1256 2342 equis
1287 2289 1494 2339 armatis,

234 2362 403 2410 praeter
432 2355 694 2409 equitantes
725 2358 930 2396 armatos
952 2354 1000 2394 in
1023 2354 1154 2407 equis
1176 2367 1267 2395 non
1288 2356 1493 2404 armatis,

236 2422 316 2476 qui
370 2421 728 2463 numerabantur
781 2420 1025 2474 plusquam
1089 2424 1290 2473 quatuor
1350 2420 1496 2462 millia

235 2489 398 2530 electa.
459 2487 531 2528 De
562 2486 770 2528 exercitu
800 2491 954 2527 autem
977 2485 1179 2539 pedestri
1201 2499 1292 2528 non
1315 2487 1495 2528 curavit

236 2568 318 2596 rex
342 2554 423 2595 illa
447 2554 560 2603 vice,
581 2566 635 2595 eo
658 2552 781 2606 quod
803 2565 893 2593 nou
919 2552 1218 2593 arctabantur
1241 2553 1384 2606 aliqui
1409 2553 1495 2594 nisi

237 2621 316 2674 qui
349 2620 497 2674 gratis
530 2619 686 2660 venire
729 2618 988 2660 voluerunt.
1059 2617 1307 2660 Numerati
1340 2623 1495 2660 tamen

237 2692 347 2728 sunt
366 2686 599 2740 pedestres
621 2686 700 2740 qui
731 2685 941 2735 aderant,
971 2690 1018 2726 et
1038 2685 1214 2726 inventi
1238 2689 1347 2726 sunt
1369 2690 1497 2726 octo-

260 2833 268 2852 ¹
296 2835 351 2867 He
367 2835 491 2866 lauded
506 2838 541 2866 at
557 2834 750 2874 Sandwieh,
764 2834 902 2874 Friday‚
918 2833 1039 2866 March
1054 2836 1109 2866 21.
1134 2833 1234 2866 Matt.
1244 2833 1383 2865 Westm.
1399 2835 1473 2865 431.
