2038 3306
465 349 689 382 WALTERI
725 351 786 380 DE
818 350 1194 386 HEMINGBURGH.
1374 338 1462 381 425

203 453 375 494 Datum
419 454 542 506 apud
594 454 814 496 Sanctum
869 454 1130 497 Dionisium
1171 455 1218 496 in
1264 454 1462 496 Francia
1480 462 1676 521 {ignssgf-

200 524 210 540 ⁴
232 518 368 560 xlv.'¹
393 519 466 560 die
487 519 708 574 Augusti,
731 534 851 564 anno
873 522 1037 575 gratiae
1058 520 1368 564 M.cccxl,v1.''
1562 513 1570 522 ’

515 675 735 731 Responsio
763 675 888 732 Reqis
910 675 1134 717 Edwardi.

260 788 474 843 Philippe
505 790 562 832 de
592 790 783 833 Valesio
826 791 984 833 literas
1020 795 1199 833 vestras
1236 790 1463 833 intellexi-
1479 803 1556 835 mus
1568 803 1623 828 Ed-

1477 836 1576 862 ward's
1588 837 1666 868 reply

200 867 300 896 mus
345 868 427 909 per
475 870 592 910 quas
643 858 774 899 nobis
819 857 1112 910 significastis
1167 857 1290 911 quod
1341 858 1462 899 inter
1476 869 1676 929 ξῗῐιέιὲὲῑὲῗέὴ

199 920 417 962 Sanctum
451 922 732 964 Germanum
773 924 829 965 de
866 923 1022 965 Pratis
1062 929 1196 965 extra
1237 923 1459 974 Parisius,
1477 937 1563 995 {¹⁰⁸¹

200 987 271 1027 vel
314 988 434 1029 inter
488 988 894 1030 Francam-villam
944 993 990 1031 et
1041 989 1328 1040 Pontasium,
1387 990 1460 1031 die
1477 970 1615 1036 diffidi?

198 1052 350 1104 JoviS‚
390 1053 595 1105 Sabbati,
639 1055 711 1096 vel
759 1055 833 1096 die
878 1055 1137 1105 Dominica,
1178 1056 1251 1097 vel
1293 1055 1460 1098 Martis

196 1120 409 1172 proximo
450 1121 748 1174 sequentibus
792 1126 955 1162 contra
997 1134 1082 1163 nos
1125 1125 1171 1163 et
1210 1122 1458 1163 exercitum

197 1191 402 1227 nostrum
435 1187 603 1228 bellum
632 1188 916 1229 committere
949 1187 1106 1238 vultis,
1138 1193 1185 1230 et
1223 1188 1345 1241 quod
1375 1201 1460 1229 nos

197 1255 243 1292 et
273 1265 385 1305 gens
411 1258 570 1295 nostra
599 1253 782 1304 damna,
815 1254 1170 1304 combustiones,
1202 1258 1248 1296 et
1281 1254 1458 1308 deprae-

196 1317 408 1360 dationes
433 1319 614 1361 interim
646 1333 737 1362 non
764 1320 1115 1362 committamus.
1182 1320 1331 1374 Super
1360 1320 1460 1374 qui-

200 1385 284 1425 bus
306 1398 388 1426 vos
409 1386 526 1427 scire
547 1386 740 1428 facimus
764 1386 886 1440 quod
909 1387 956 1427 in
976 1386 1144 1427 fiducia
1168 1386 1255 1427 Dei
1277 1391 1323 1428 et
1337 1386 1458 1442 juris

200 1451 344 1492 nostri
374 1451 614 1494 clarissimi
637 1453 759 1506 quod
789 1453 835 1494 in
864 1465 1034 1494 corona
1057 1452 1266 1495 Franciae
1293 1453 1460 1496 habere

198 1517 680 1572 dignoscimur‚quam
701 1519 748 1560 in
768 1519 1140 1560 exhaeredatione
1154 1524 1328 1570 nostra,
1350 1533 1457 1562 con—

199 1589 272 1624 tra
302 1584 452 1625 Deum
478 1590 524 1626 et
542 1585 789 1640 justitiam,
814 1586 986 1640 injuste
1007 1598 1231 1640 occupare
1255 1599 1347 1627 non
1366 1586 1459 1628 for-

197 1649 398 1700 midatis,
422 1663 512 1691 non
539 1652 586 1692 in
610 1651 826 1706 superbia
851 1657 896 1693 et
920 1651 1136 1702 elatione,
1170 1665 1253 1693 nec
1275 1652 1322 1693 in
1342 1665 1460 1706 prae-

197 1717 471 1770 sumptione,
492 1731 684 1771 regnum
707 1723 914 1759 nostrum
940 1717 1150 1759 Franciae
1170 1717 1459 1769 intravimus,

197 1782 255 1823 ad
298 1783 631 1825 terminandam
673 1796 887 1837 guerram
927 1789 974 1825 et
1016 1788 1223 1826 nostrum
1275 1784 1459 1835 bellum,

197 1854 207 1870 ‘
227 1862 387 1890 versus
410 1854 455 1890 te
479 1850 728 1902 dirigentes
746 1851 836 1892 iter
856 1855 1064 1892 nostrum
1079 1848 1130 1902 3⁹²
1145 1851 1224 1892 sed
1245 1851 1355 1905 quia
1377 1864 1458 1893 vos

197 1915 276 1968 qui
307 1915 476 1956 bellum
512 1917 644 1969 quasi
679 1916 736 1957 ad
772 1916 991 1970 placitum
1024 1917 1192 1958 habere
1231 1917 1457 1968 valuistis,

197 1985 361 2035 pontes
391 1982 508 2023 inter
531 1995 614 2024 nos
647 1986 693 2023 et
723 1995 806 2024 vos
836 1988 1000 2036 sponte
1033 1983 1261 2036 prosterni
1290 1983 1457 2034 facitis,

197 2060 252 2088 ne
305 2048 436 2089 vobis
489 2049 860 2102 appropinquare
907 2062 991 2090 nec
1041 2062 1210 2102 aquam
1268 2048 1458 2091 Secanae

197 2127 436 2167 quousque
462 2114 736 2156 Pussiacum
768 2115 1023 2156 veniremus
1053 2115 1328 2169 pertransire
1352 2129 1458 2170 pos-

196 2194 375 2232 semus3
406 2180 470 2222 ibi
500 2182 619 2222 enim
653 2186 839 2235 pontem
866 2195 948 2235 per
972 2187 1151 2223 vestros
1174 2187 1458 2236 prostratum

198 2248 401 2300 reparari
435 2247 639 2298 fecimus,
671 2252 718 2289 et
759 2248 904 2289 tribus
944 2247 1102 2289 diebus
1135 2261 1217 2290 vos
1253 2253 1299 2290 et
1329 2262 1459 2290 exer-

195 2314 335 2354 citum
362 2318 564 2355 vestrum
586 2327 667 2367 per
686 2327 769 2356 vos
798 2319 1129 2368 congregatum
1150 2314 1318 2356 ibidem
1342 2328 1460 2369 prae-

195 2380 435 2430 stolantes,
482 2380 731 2422 secundum
781 2381 899 2422 enim
936 2380 1218 2422 voluntatem
1255 2386 1458 2423 vestram

197 2460 256 2487 ex
284 2459 379 2487 una
407 2451 539 2499 parte
566 2460 699 2501 aquae
737 2447 811 2488 vel
845 2447 991 2488 altera
1016 2451 1028 2469 ‘
1046 2441 1147 2488 in'³
1168 2448 1326 2489 eodem
1356 2448 1459 2490 loco

198 2513 327 2554 nobis
350 2513 561 2554 obviasse
583 2513 826 2567 potuistis;
858 2513 936 2554 sed
963 2513 1048 2555 hoc
1079 2514 1262 2568 quidem
1293 2514 1460 2565 facere,

194 2579 314 2621 sicut
357 2579 592 2621 evidenter
634 2583 826 2633 apparet
874 2580 939 2621 sic
983 2593 1065 2621 vos
1109 2593 1137 2622 a
1180 2581 1310 2622 nobis
1351 2582 1458 2622 sub-

891 2706 905 2727 9
928 2708 1079 2740 Omitted
1095 2710 1129 2740 in
1146 2710 1244 2742 MSS.
1262 2710 1350 2743 coll.
1365 2711 1459 2744 Trin.

244 2754 251 2771 ¹
278 2756 287 2772 ‘
302 2756 382 2794 xv.,'
399 2755 499 2787 MSS.
517 2755 602 2787 Coll.
618 2755 710 2788 Trin.
725 2755 765 2786 R.
780 2758 812 2795 5,
847 2755 887 2786 R.
904 2758 936 2795 5,
955 2758 1006 2795 10,
1021 2756 1087 2787 and
1104 2756 1235 2788 Cotton.
1253 2757 1345 2789 Nero
1363 2758 1408 2790 D.
1423 2759 1459 2790 ii.

199 2805 247 2841 10,
264 2803 330 2833 and
346 2802 435 2834 Cott.
454 2802 545 2833 Nero
561 2802 605 2833 D.
623 2802 658 2834 ii.
848 2800 1339 2890 ¹0?;JJ,'CR{tSS&g-21113Tiriin.
1365 2804 1406 2837 R.
1428 2808 1461 2845 5,
