2038 3306
572 328 659 371 340
1057 329 1333 375 cunomcon

360 452 557 513 Eg'ffigff·
575 450 621 488 et
642 446 797 488 fideles
826 446 973 488 nostri
1006 446 1170 500 patriae
1193 447 1504 498 Flandrensis,
1522 446 1602 501 jus
1624 451 1828 488 nostrum

360 540 515 565 „mismo
531 539 563 565 „f
576 512 932 562 considerantes,
977 512 1182 553 fecerunt
1223 512 1343 566 quod
1380 513 1566 567 justitia
1604 513 1829 562 suadebit,

360 573 439 631 ξζξὲ
449 573 550 631 ξῇη,
577 582 623 618 et
666 577 756 618 illis
795 577 1015 619 incumbit
1049 577 1215 627 facere,
1250 579 1365 619 citra
1402 577 1584 619 Pascha
1620 578 1830 632 proximo

361 638 562 698 ξξῇξξζῖζξξῃ
578 643 780 684 futurum
834 655 918 684 nos
979 655 1112 684 suum
1168 642 1398 685 dominum
1451 648 1499 684 et
1543 656 1694 696 regem
1750 656 1831 696 ag-

361 705 516 730 ⁰¹P¹²²¹¹⁰⁸·
579 720 766 750 noscere
792 708 1033 757 voluerint,
1057 708 1115 750 ad
1144 721 1304 762 pacem
1334 712 1538 750 nostram
1572 708 1832 762 specialem,

578 774 907 828 protectionem
956 779 1003 815 et
1051 774 1358 816 defensionem
1415 773 1757 827 suscipiantur,
1787 779 1834 816 et

578 839 940 894 possessionibus
991 839 1238 881 mobilibus·
1280 843 1327 881 et
1371 839 1695 888 immobilibus,
1737 839 1836 880 sine

578 905 876 947 diminutione
950 910 997 947 et
1071 905 1353 958 gravamine,
1411 918 1495 958 pro
1563 917 1835 959 quocunque

578 968 741 1012 contra
797 983 880 1012 nos
940 971 1219 1024 temporibus
1278 971 1517 1012 retroactis
1575 971 1834 1020 commisso,

580 1036 830 1090 gaudeant,
890 1036 994 1077 illos
1053 1037 1141 1078 viis
1196 1041 1241 1078 et
1294 1036 1440 1078 modis
1491 1037 1656 1090 quibus
1709 1041 1834 1089 pote-

578 1102 737 1151 rimus,
766 1107 904 1155 prout
933 1095 1244 1154 exigit‘ratio,
1275 1101 1516 1143 defendere
1546 1101 1757 1143 volumus
1787 1106 1834 1142 et

580 1171 833 1220 protegere.
923 1166 984 1208 Et
1026 1167 1136 1220 quia
1189 1167 1454 1220 supradicta
1511 1167 1569 1208 ad
1623 1166 1835 1207 notitiam

580 1232 778 1273 omnium
810 1232 866 1273 de
900 1231 991 1273 levi
1021 1232 1282 1285 specialiter
1318 1232 1554 1285 pervenire
1585 1245 1676 1273 non
1707 1237 1835 1285 pote—

579 1302 703 1347 runt,
731 1298 780 1338 in
811 1298 954 1351 portis
990 1297 1284 1338 ecclesiarum
1318 1298 1602 1339 diversarum
1644 1301 1690 1339 et
1722 1297 1836 1339 locis

579 1362 680 1404 aliis
721 1363 778 1404 ad
826 1362 1203 1404 confortationem
1242 1363 1444 1404 fidelium
1483 1367 1742 1405 nostrorum
1789 1368 1836 1404 et

578 1428 815 1470 rebellium
860 1433 1095 1478 terrorem,
1137 1433 1190 1469 ut
1220 1442 1302 1482 per
1334 1429 1642 1481 ignorantiam
1684 1428 1837 1469 nullus

578 1507 627 1534 se
674 1495 827 1536 valeat
880 1506 1118 1543 excusare,
1168 1499 1325 1548 aperte
1375 1494 1456 1547 figi
1504 1494 1836 1536 mandavimus.

579 1560 753 1601 Datum
793 1560 914 1614 apud
951 1559 1109 1601 Gaunt
1139 1559 1303 1602 ‘vl11.’1
1344 1559 1417 1601 die
1452 1560 1691 1601 Februarii
1713 1573 1834 1601 anno

579 1626 709 1678 regni
751 1626 896 1667 nostri
940 1625 1146 1667 Franciae
1188 1626 1335 1679 primo
1373 1630 1419 1667 et
1452 1625 1632 1678 Angliae
1667 1631 1834 1679 quarto

578 1690 767 1733 decimo.
1521 1685 1527 1692 ’

363 1771 398 1797 Δ.
411 1770 445 1796 D.
459 1770 534 1795 1339.
648 1756 820 1798 Eodem
842 1770 962 1798 anno
983 1770 1066 1798 rex
1087 1756 1286 1810 Angliae‚
1301 1758 1349 1798 in
1372 1770 1524 1798 mense
1541 1757 1836 1810 Septembris,

365 1842 441 1873 sept.
454 1841 498 1866 20.
580 1822 628 1864 in
646 1822 804 1875 vigilia
821 1822 1545 1876 SanctiMatthaeiApostoli,cum
1557 1823 1719 1864 militia
1737 1836 1837 1873 sua,

364 1900 425 1925 'rhe
438 1899 557 1930 English
581 1900 673 1929 una
693 1901 795 1929 cum
814 1889 928 1929 duce
943 1889 1225 1937 Brabantiae,
1243 1888 1408 1929 comite
1428 1887 1638 1929 Gerlensi
1661 1894 1707 1930 et
1728 1887 1838 1929 Gel-

364 1933 542 1990 3iii¹ess¹¹v522te
580 1953 713 2003 leres,
732 1966 786 1995 ac
813 1953 969 1995 multis
999 1953 1239 2004 nobilibus,
1259 1954 1562 1995 comburendo
1587 1958 1633 1995 et
1659 1954 1838 2007 praedas

362 1999 530 2024 mmmm
581 2019 776 2071 agendo,
800 2019 1040 2060 Franciam
1063 2019 1111 2059 in
1126 2032 1248 2073 pago
1267 2018 1613 2061 Cameracensi²
1632 2019 1838 2062 intravit.

366 2096 551 2127 Wednesday.
583 2084 639 2125 In
659 2085 859 2126 crastino
875 2084 1033 2126 Sancti
1048 2084 1260 2126 Matthaei
1275 2085 1485 2126 dominus
1511 2085 1761 2126 Edwardus
1781 2086 1837 2127 de

366 2130 496 2161 sept'w'
582 2147 904 2192 Monte-acuto
927 2155 1127 2191 castrum
1150 2151 1376 2203 quoddam
1401 2151 1537 2204 cepit,
1561 2155 1608 2191 et
1632 2149 1838 2192 Gallicos

578 2216 704 2257 intus
735 2221 940 2270 repertos
970 2216 1231 2265 trucidavit,
1264 2215 1480 2269 aliudque
1513 2220 1711 2257 castrum
1752 2217 1838 2258 sibi

580 2281 805 2323 redditum
829 2281 931 2323 fuit.
987 2281 1046 2322 Et
1071 2281 1281 2322 dominus
1302 2281 1538 2323 Walterus
1558 2282 1615 2322 de
1635 2281 1840 2336 Manney

580 2352 780 2388 castrum
811 2347 867 2388 de
887 2347 1040 2388 Toner
1066 2347 1345 2400 subjugavit,
1368 2352 1415 2388 et
1443 2360 1524 2388 rex
1550 2346 1730 2400 Angliae
1752 2348 1838 2389 sibi

579 2412 773 2454 contulit
796 2412 924 2454 illud.
996 2412 1102 2453 Rex
1123 2417 1274 2453 autem
1300 2411 1483 2466 Angliae
1509 2413 1650 2467 juxta
1672 2412 1837 2454 Came-

579 2490 735 2518 racum
756 2478 888 2531 quasi
909 2490 1047 2518 unum
1071 2478 1280 2527 milliare,
1310 2491 1392 2531 per
1422 2489 1503 2520 XV.
1535 2478 1631 2519 dies
1665 2491 1837 2519 moram

578 2544 740 2594 traxit,
784 2548 830 2584 et
864 2540 1016 2597 patria
1053 2543 1406 2596 circumquaque
1447 2544 1551 2596 igne
1594 2543 1839 2597 praedaque

626 2740 634 2760 ¹
660 2742 731 2773 The
762 2742 891 2774 French
921 2743 1063 2783 original
1092 2734 1207 2774 readsf
1224 2742 1320 2773 vince
1335 2741 1374 2773 of
1393 2740 1522 2772 French
1538 2740 1711 2772 Flanders.
1761 2741 1839 2771 Itis

579 2790 587 2804 ‘
599 2788 707 2820 xvui!
1204 2774 1208 2807 ι
1225 2798 1301 2818 now
1315 2787 1582 2827 comprehended
1594 2787 1628 2817 in
1639 2786 1694 2818 the
1704 2787 1835 2826 depart-

624 2831 636 2851 ²
660 2834 863 2873 Cambresis,
890 2835 1044 2874 formerly
1070 2844 1090 2865 a
1118 2844 1191 2873 pro·
1225 2837 1315 2865 ment
1329 2833 1367 2865 of
1378 2833 1432 2864 the
1450 2833 1571 2865 North.
