2038 3306
425 309 651 340 wAurssm
684 310 745 340 DE
777 310 1149 342 nnmmcnuncffl.
1345 299 1432 341 3⁴23

167 413 528 455 consideratione
551 414 808 465 librabitur,
842 420 888 457 et
914 415 1029 470 justi
1058 420 1231 458 statere
1259 414 1428 470 judicis
1447 434 1568 460 nawa
1587 433 1642 459 m.

167 479 466 532 appendetur,
509 483 555 521 et
594 481 714 522 sicut
758 481 935 522 sanctio
970 481 1086 534 legis
1142 482 1292 531 docet,
1337 492 1428 523 non
1462 467 1541 492 ω·
1556 468 1628 493 ¹³³⁹·

1445 522 1540 548 Letter
1552 523 1583 548 ot

167 544 338 585 sactum
370 557 429 585 ex
455 544 594 594 dicto,
629 546 709 587 sed
742 547 915 587 dietum
949 552 1165 599 pensetur
1194 559 1254 588 ex
1287 546 1427 597 facto,
1445 555 1522 613 {2¹1¹}
1533 555 1626 613 ssdgh„

167 622 258 650 non
305 616 427 651 esset
474 611 683 664 equidem
729 611 849 666 juris
900 612 1197 666 praesumptio
1247 612 1425 662 nobilis,
1443 621 1587 679 gffiigffl

167 675 287 729 quod
313 676 531 729 supponit
561 676 734 718 factum
766 678 825 718 ab
858 677 1038 718 homine
1067 678 1163 719 fieri
1192 689 1277 719 suo
1304 677 1548 744 Jure,¹=3ttitr,¹5
1559 686 1633 743 rgrth

166 754 258 781 non
305 741 503 794 benigna
553 742 870 795 interpretatio
917 743 990 783 vel
1036 742 1198 792 civilis,
1242 743 1423 796 qualem
1441 726 1644 811 ιὲὴέἑῖἒὲἶυὲοῑ

166 819 345 860 semper
364 806 461 847 fieri
484 807 629 848 dictat
649 819 843 848 censura
864 807 1042 860 legalis,
1064 809 1104 848 si
1130 809 1276 849 nostri
1303 807 1430 862 juris*
1551 803 1558 810 ’

166 884 299 912 usum
335 871 580 922 notorium,
612 877 874 925 nostraeque
905 872 1182 914 defensionis
1213 885 1427 926 compen—

165 937 305 986 dium,
326 936 611 990 dispendium
644 936 904 978 offensionis
933 937 1093 979 illicite
1116 937 1218 990 quis
1250 938 1423 980 diceret

165 1002 342 1042 alienae.
427 1001 590 1043 Cesset
622 1002 776 1055 igitur,
813 1014 1092 1055 quaesumus,
1125 1003 1274 1043 omnis
1315 1015 1423 1045 con-

159 1067 342 1121 jectura
368 1067 415 1108 in
449 1068 627 1108 actibus
651 1068 820 1109 nostris
849 1068 1093 1121 certisque,
1128 1068 1277 1109 locum
1310 1069 1425 1110 dun-

164 1138 297 1174 taxat
318 1133 403 1173 sibi
426 1132 628 1174 vindicat
652 1134 698 1174 in
727 1146 818 1175 non
843 1134 992 1175 certis.
1064 1133 1277 1187 Denique
1304 1134 1425 1176 dicet

167 1198 357 1239 forsitan
374 1203 631 1248 accusator,
644 1198 953 1240 calumniosus
969 1205 1137 1240 nostrae
1153 1199 1345 1240 actionis
1359 1200 1428 1240 in-

165 1268 356 1316 terpres,
380 1263 490 1317 quia
519 1264 803 1317 suscepimus
834 1264 1059 1305 hominem
1095 1270 1257 1306 contra
1288 1278 1425 1318 quem

165 1329 443 1382 processisse
457 1329 600 1370 fertur
615 1330 808 1371 ecclesia
828 1329 899 1371 vel
920 1342 1011 1370 non
1033 1335 1267 1383 parentem
1282 1331 1428 1372 eccle-

166 1395 247 1435 siae
262 1395 433 1435 vicario
447 1411 459 1443 3
484 1408 573 1435 non
593 1395 714 1436 dicet
727 1395 848 1448 quod
862 1395 1016 1436 fratris
1031 1400 1077 1436 et
1090 1394 1237 1436 affinis
1250 1396 1427 1437 vicibus

167 1459 413 1512 fungimur,
433 1473 523 1501 non
545 1460 602 1502 ad
609 1460 729 1514 juris
742 1460 1000 1501 habendum
1018 1461 1203 1502 titulum
1222 1473 1428 1503 necessa-

169 1525 284 1565 rium
305 1525 436 1566 nobis
459 1526 677 1578 potentiae
701 1526 848 1567 solum
873 1538 1003 1566 usum
1025 1529 1038 1548 ‘
1052 1525 1360 1567 asciscimus’1
1376 1532 1427 1568 ut

168 1590 428 1631 necessario
455 1589 560 1631 fulti
582 1591 807 1644 praesidio,
832 1592 910 1631 ubi
939 1602 1060 1632 nunc
1090 1603 1264 1640 sumus,
1283 1604 1367 1633 nos
1399 1604 1428 1632 a

167 1655 401 1708 congestis
413 1655 460 1696 in
476 1661 679 1697 nostram
695 1657 873 1697 ruinam
887 1656 1100 1709 periculis
1116 1656 1429 1707 defendamus,

167 1726 214 1762 et
240 1733 324 1774 pro
357 1726 616 1762 nostrorum
643 1721 775 1775 J'usta
800 1721 975 1776 Jurium
1010 1721 1298 1763 assecutione
1331 1734 1427 1763 cer-

166 1791 333 1828 temus,
417 1786 527 1828 Non
567 1787 704 1837 dicet,
746 1787 868 1840 quod
911 1787 1189 1828 intendimus
1228 1799 1312 1828 nos
1351 1787 1429 1829 de-

165 1852 364 1901 fendere,
383 1864 467 1904 pro
503 1857 659 1894 nostro
686 1852 793 1907 jure
832 1857 1024 1902 certare,
1056 1865 1147 1894 non
1184 1852 1422 1894 ecclesiam

166 1917 451 1970 impugnare,
493 1918 566 1958 vel
609 1917 708 1972 ejus
750 1917 1083 1971 impugnationi
1128 1917 1300 1967 favere,
1343 1931 1427 1970 pro

167 1983 299 2037 cujus
334 1983 494 2036 utique
528 1987 806 2024 certaremus
844 1983 1031 2032 honore,
1066 1983 1236 2023 nullius
1268 1982 1427 2024 habita

169 2049 453 2101 respectione
467 2048 674 2101 periculi,
687 2049 806 2089 sicut
819 2048 1091 2089 catholicam
1104 2047 1424 2089 excellentiam

170 2127 328 2165 regum
354 2113 500 2163 decet,
521 2126 623 2154 cum
643 2118 795 2154 tamen
816 2118 868 2154 ut
888 2113 1034 2154 omnis
1048 2112 1168 2166 juris
1189 2116 1202 2134 ‘
1217 2113 1394 2154 censet'
1408 2111 1424 2135 ²

166 2178 375 2228 intentio,
407 2191 462 2219 ac
499 2178 746 2233 cujuslibet
781 2178 974 2219 actionis
1006 2177 1159 2218 finalis
1190 2190 1331 2219 causa
1351 2178 1425 2219 vel

168 2244 287 2285 ratio
303 2243 616 2297 principaliter
635 2243 929 2293 attendenda,
946 2247 994 2284 et
1011 2255 1070 2284 ex
1088 2242 1252 2284 notitia
1267 2242 1426 2284 volun—

171 2309 282 2350 tatis
317 2313 457 2362 atque
495 2309 733 2363 propositi,
771 2313 933 2362 surgat
961 2307 1178 2349 distincta
1212 2312 1427 2361 certaque

171 2374 376 2427 cognitio
417 2375 569 2428 operis
607 2375 828 2424 accusati,
886 2373 1124 2426 solumque
1185 2373 1242 2414 de
1285 2371 1428 2425 gestis

169 2439 402 2481 hominum
447 2440 582 2481 realis
624 2440 760 2489 actio,
803 2452 893 2480 non
935 2438 1134 2480 verbalis
1172 2439 1427 2490 conceptio,

168 2505 459 2558 ponderetur.
532 2505 639 2546 Non
661 2505 783 2546 dicet
803 2504 925 2559 quod
949 2502 1140 2545 facimus
1159 2503 1216 2544 de
1236 2503 1429 2544 materia

167 2570 259 2611 ista
296 2575 478 2611 scutum
516 2575 675 2612 contra
702 2583 821 2620 eum,
843 2570 922 2623 qui
957 2573 1114 2610 nostro
1144 2568 1431 2622 prominebat

168 2636 308 2688 capiti
344 2636 504 2677 mortis
538 2636 707 2684 ictum;
747 2635 959 2689 quodque
992 2634 1233 2675 fecerimus
1269 2633 1431 2674 medici

215 2740 224 2760 ¹
250 2743 416 2782 Supplied
430 2743 514 2774 from
529 2743 774 2783 Walsingham.
819 2742 905 2774 Coll.
928 2741 1020 2772 Trin.
1049 2741 1090 2773 R.
1115 2745 1149 2781 5,
1175 2743 1230 2780 10,
1253 2740 1320 2772 and
1345 2740 1435 2773 Cott.

215 2786 227 2804 ²
250 2788 260 2805 ‘
273 2789 405 2829 cesset‚’
430 2789 532 2821 MSS.
549 2788 635 2820 Con.
653 2789 785 2829 Magd.,
803 2827 805 2835 Ι
820 2788 911 2819 Nero
928 2787 974 2819 D.
992 2787 1028 2819 ii.

1234 2851 1292 2880 γ2
