2038 3306
326 425 445 451 Edu-ard
458 425 498 450 11.

332 459 365 483 Δ.
376 459 409 483 D.
424 459 499 484 1808.

517 302 616 345 280
1014 315 1292 346 οΗΒοΝιοοΝ

529 418 804 467 veniremus,
824 421 886 459 -et
921 422 1026 471 post
1059 424 1152 460 tam
1189 419 1252 460 ibi
1290 431 1427 473 quam
1462 419 1572 460 alibi
1608 425 1786 462 secreta

316 513 512 546 Buuofpwe
530 483 814 537 quorundam
869 484 999 525 nobis
1065 484 1311 526 insinuatio
1362 485 1605 535 intimavit,
1663 485 1785 538 quod

317 547 454 572 Clement.

530 549 764 601 magister,
794 553 1100 603 praeceptores
1127 555 1173 591 et
1204 549 1283 591 alii
1312 549 1477 592 fratres
1501 550 1670 591 ordinis
1699 551 1786 591 mi-

530 615 639 655 litiae
661 614 857 668 Templi,
879 620 926 656 et
947 615 1084 656 etiam
1106 615 1205 668 ipse
1226 615 1354 665 ordo,
1375 616 1454 668 qui
1483 616 1540 656 ad
1565 615 1786 657 defensio-

529 693 631 721 nem
652 680 914 733 patrimonii
935 680 1138 735 ejusdem
1163 680 1346 722 Domini
1367 681 1512 722 nostri
1540 680 1720 723 fuerant
1736 682 1786 725 in

531 746 847 787 transmarinis
889 751 935 787 et
978 746 1080 787 aliis
1123 746 1329 799 partibus
1370 746 1593 799 deputati,
1627 751 1788 788 contra

530 811 677 864 ipsum
702 812 950 855 Dominum
972 812 1020 852 in
1045 811 1196 853 scelus
1220 812 1464 866 apostasiae
1492 811 1718 862 nefandae,
1741 816 1787 853 et

530 877 799 919 detestabile
824 877 1097 919 idololatriae
1120 877 1297 928 vitium,
1321 877 1579 919 execrabile
1610 877 1788 919 facinus

533 943 847 994 Sodomorum,
869 949 916 985 et
939 943 1135 985 haereses
1155 944 1307 985 varias
1330 949 1462 984 erant
1481 943 1615 997 lapsi.
1661 942 1786 994 Quia

533 1022 639 1050 vero
689 1022 778 1051 non
831 1014 931 1051 erat
973 1009 1232 1059 verisimile,
1278 1022 1360 1050 nec
1407 1009 1619 1050 credibile
1658 1009 1784 1050 vide-

530 1075 681 1124 batur,
703 1075 823 1128 quod
851 1075 936 1117 viri
966 1079 1061 1116 tam
1091 1075 1310 1128 religiosi,
1343 1075 1421 1128 qui
1445 1075 1676 1128 praecipue
1704 1088 1786 1128 pro

530 1139 702 1183 Christi
723 1141 903 1182 nomine
925 1153 1056 1181 suum
1078 1152 1201 1193 saepe
1223 1140 1494 1192 sanguinem
1514 1139 1788 1190 effuderunt,

528 1219 582 1247 ac
602 1218 823 1259 personas
848 1219 956 1246 suas
986 1206 1146 1247 mortis
1183 1205 1387 1259 periculo
1416 1204 1675 1259 frequenter
1704 1218 1786 1247 ex-

527 1284 697 1324 ponere
721 1271 1036 1321 credebantur,
1058 1271 1228 1325 quique
1249 1271 1396 1312 multa
1417 1276 1464 1312 et
1487 1284 1670 1323 magna,
1691 1276 1785 1313 tam

527 1337 572 1378 in
612 1337 782 1378 divinis
821 1336 977 1379 officiis
1013 1350 1147 1390 quam
1189 1337 1235 1378 in
1267 1336 1456 1391 jejuniis
1492 1341 1539 1378 et
1573 1336 1676 1378 aliis
1705 1337 1786 1378 ob-

527 1403 770 1444 servantiis
802 1402 1059 1444 devotionis
1090 1403 1222 1456 signa
1263 1403 1546 1456 frequentius
1588 1407 1785 1457 praeten-

527 1468 710 1519 debant,
732 1482 827 1512 suae
865 1469 930 1511 sic
961 1474 1110 1511 essent
1139 1469 1304 1510 salutis
1334 1469 1636 1519 immemoreS‚
1665 1469 1787 1523 quod

529 1535 641 1576 talia
669 1539 1000 1588 perpetrarent,
1021 1534 1284 1589 hujusmodi
1309 1534 1686 1582 insinuationiac
1706 1534 1786 1576 de-

527 1600 702 1650 lationi,
721 1601 866 1654 ipsius
883 1600 1068 1642 Domini
1084 1601 1228 1641 nostri
1245 1600 1468 1653 exemplis
1484 1613 1537 1641 ac
1554 1601 1786 1642 canonicae

530 1667 768 1719 scripturae
808 1666 1042 1715 doctrinis,
1087 1678 1241 1707 aurem
1285 1665 1525 1707 noluimus·
1550 1665 1784 1707 inclinare.

532 1731 728 1772 Demum
757 1745 866 1773 vero
896 1731 1156 1773 carissimus
1186 1732 1231 1772 in
1267 1731 1452 1773 Christo
1486 1731 1606 1772 filius
1630 1736 1787 1772 noster

531 1797 788 1851 Philippus,
809 1810 891 1839 rex
920 1797 1128 1839 Franciae
1158 1797 1365 1847 illustris,
1395 1797 1468 1839 cui
1495 1797 1652 1839 eadem
1676 1797 1788 1838 faci-

531 1876 644 1905 nora
677 1863 857 1906 fuerant
893 1863 1126 1913 nunciata,
1163 1876 1253 1904 non
1284 1868 1396 1916 typo
1432 1862 1656 1912 avaritiae,
1681 1876 1785 1904 cum

530 1929 585 1970 de
607 1930 738 1970 bonis
760 1929 1125 1983 Templariorum
1146 1929 1209 1970 nil
1238 1929 1324 1970 sibi
1357 1928 1597 1970 vendicare
1614 1928 1686 1970 vel
1703 1941 1785 1982 ap-

529 1995 764 2048 propriare
784 1995 993 2044 intendit,
1008 1995 1144 2036 immo
1158 2008 1213 2036 ea
1225 2007 1306 2048 per
1319 1993 1604 2048 deputandos
1617 2007 1646 2035 a
1657 1995 1787 2036 nobis

525 2061 839 2112 gubernanda,
872 2060 1170 2103 custodienda
1199 2065 1245 2102 et
1276 2059 1561 2102 observanda
1589 2059 1788 2101 liberali-

530 2131 599 2167 ter
634 2139 687 2168 ac
723 2127 889 2169 devote
921 2126 1158 2176 dimiserit,
1193 2139 1377 2168 manum
1419 2139 1549 2167 suam
1582 2126 1787 2167 totaliter

530 2193 800 2243 amovendo,
824 2197 870 2234 et
897 2192 1159 2234 senescallis
1190 2197 1236 2234 et
1259 2192 1441 2234 ballivis
1476 2196 1522 2233 et
1556 2191 1658 2233 aliis
1689 2193 1784 2233 suis

530 2257 814 2308 officialibus,
853 2271 1029 2299 necnon
1070 2258 1279 2308 ducibus,
1308 2258 1567 2306 comitibus,
1602 2257 1785 2300 baroni·

530 2324 631 2374 bus,
675 2329 721 2366 et
773 2324 877 2366 aliis
923 2324 1117 2366 subditis
1161 2324 1509 2377 quibuscunque
1548 2336 1630 2376 per
1678 2336 1786 2364 suas

529 2395 738 2442 patentes
772 2390 929 2431 literas
960 2390 1262 2436 mandaverit,
1296 2394 1348 2430 ut
1380 2389 1684 2439 curatoribus,
1704 2389 1785 2430 ad-

529 2456 914 2498 ministratoribus
964 2455 1238 2509 generaliter
1282 2455 1328 2495 in
1381 2467 1524 2507 regno
1578 2454 1785 2496 Franciae

529 2521 759 2574 deputatis
788 2535 815 2563 a
836 2522 982 2571 nobis,
1007 2527 1053 2563 et
1086 2521 1319 2575 deputatis
1350 2533 1377 2561 a
1412 2519 1605 2572 singulis
1636 2520 1784 2562 archi-

529 2588 754 2641 episcopis
776 2592 823 2630 et
853 2588 1078 2641 episcopis
1107 2587 1154 2628 in
1183 2587 1278 2629 suis
1305 2586 1568 2627 civitatibus
1596 2589 1642 2626 et
1668 2586 1783 2627 dioe-

529 2654 722 2702 cesibus,
771 2655 891 2695 bona
933 2653 1118 2694 mobilia
1168 2657 1213 2694 et
1261 2651 1509 2692 immobilia
1559 2650 1784 2693 dictorum

529 2717 908 2772 Templariorum‚
971 2732 1073 2773 quae
1125 2718 1331 2772 praedicti
1393 2716 1607 2758 officiales
1669 2718 1784 2770 regii

529 2789 574 2824 ct
610 2785 688 2825 alii
728 2785 899 2826 subditi
939 2789 1156 2839 ceperunt
1197 2789 1243 2825 et
1288 2788 1456 2833 tenent,
1490 2782 1675 2824 tradant
1714 2784 1785 2824 in-
