2038 3306
468 328 696 360 WAL'rmu
731 328 793 358 DE
824 328 1202 360 nssmmcssuncn.
1378 317 1462 358 111

201 445 317 473 nous
338 445 492 474 sumez
515 440 561 475 et
580 434 817 488 touzjours
842 437 854 455 ‘
870 447 1028 476 avoms
1049 432 1192 475 este'¹
1218 446 1246 475 a
1266 432 1314 475 la
1337 432 1396 474 fei
1417 437 1464 474 et
1498 439 1670 498 ffg?‘1‘{<,¹5‚

202 511 230 539 a
263 498 310 539 la
340 499 525 541 volunte
555 500 616 541 du
645 500 876 542 tresnoble
903 502 1058 554 prince
1082 506 1128 542 et
1155 505 1311 541 nostre
1341 499 1466 540 chier
1482 528 1635 554 Latmos

203 564 420 617 seignour
452 565 525 607 Sir
561 566 773 616 Edward,
807 579 891 620 par
920 566 966 608 la
996 579 1132 619 grace
1162 566 1218 607 de
1249 566 1370 608 Dieu
1399 565 1466 606 rei
1483 561 1671 588 Subm¹⁵³¹⁰¹¹·

202 630 534 684 d’Engleterre,
559 633 775 686 seignour
803 632 1052 683 d'Ireland,
1083 638 1130 674 et
1161 632 1249 674 duc
1278 629 1469 686 d'Aqui·

202 696 341 747 taine,
385 711 502 739 nous
544 703 830 752 promettons
873 712 960 752 pur
999 711 1117 740 nous
1162 703 1209 740 et
1250 711 1337 752 pur
1380 711 1467 739 noz

203 762 355 804 heirez
395 777 475 805 sur
510 778 630 819 peyn
665 764 722 806 de
761 777 911 818 corps,
952 769 999 806 et
1033 764 1090 805 de
1127 764 1269 814 avier,
1310 769 1357 805 et
1389 776 1470 805 sur

204 833 492 883 ‘quauntque
505 829 540 852 '²
560 844 676 872 nous
697 834 710 852 ‘
725 843 937 884 pussoms
951 829 987 852 '³
1009 843 1223 880 encoure,
1243 843 1332 884 que
1352 842 1468 871 nous

204 895 269 935 lui
315 897 545 938 servirons
585 897 690 937 bien
723 900 769 937 et
803 895 1036 937 leaument
1079 900 1297 937 encontre
1342 900 1468 937 toutz

204 967 340 1014 gentz
373 974 430 1014 qe
461 967 655 1015 purront
689 961 814 1003 viver
841 974 901 1003 ou
928 961 1118 1003 morrire
1147 966 1254 1003 touz
1286 962 1355 1002 lez
1385 961 1468 1002 fiez

205 1039 295 1080 que
314 1039 430 1068 nous
451 1039 648 1069 serroms
670 1027 825 1081 requis
848 1040 909 1069 ou
932 1027 1090 1080 garniz
1111 1027 1168 1068 de
1187 1032 1293 1081 part
1314 1031 1470 1068 nostre

204 1092 421 1146 seignour
443 1094 486 1135 le
508 1094 576 1135 rei
606 1093 925 1147 d'Engleterre
957 1093 1180 1143 avantdit,
1205 1107 1263 1135 ou
1287 1106 1372 1147 par
1395 1105 1470 1134 ses

206 1158 383 1208 heirez;
428 1165 475 1201 et
507 1172 597 1214 que
630 1160 734 1201 lour
765 1159 984 1213 damages
1017 1173 1074 1201 ne
1111 1173 1346 1202 saveremz
1379 1172 1470 1212 que

206 1237 321 1266 nous
343 1238 400 1266 ne
422 1225 466 1267 le
487 1226 800 1267 disturberons
818 1239 846 1267 a
871 1231 972 1268 tout
994 1230 1149 1268 nostre
1172 1239 1298 1280 poer,
1319 1239 1378 1267 ou
1398 1225 1471 1266 lur

207 1290 397 1332 ferroms
428 1304 456 1332 a
485 1292 654 1334 savoir.
726 1292 787 1333 Et
818 1305 847 1332 a
881 1296 1056 1334 ‘cestes
1086 1291 1296 1333 choses'⁴
1327 1292 1470 1333 tenire

207 1361 253 1397 et
284 1357 449 1409 garder
482 1357 735 1411 obligeoms
765 1370 881 1399 nous
913 1363 960 1399 et
994 1371 1080 1400 noz
1111 1357 1260 1399 heirez
1288 1362 1334 1399 et
1366 1363 1470 1399 touz

207 1435 294 1463 noz
324 1423 471 1474 bienz,
509 1428 555 1465 et
590 1428 722 1465 outre
755 1436 835 1465 ceo
869 1436 1029 1465 avoms
1053 1424 1185 1478 jurez
1215 1437 1294 1465 sur
1325 1424 1472 1465 seintz

208 1488 453 1541 evange133
493 1495 540 1530 et
573 1490 676 1542 puis
706 1502 823 1530 nous
859 1494 966 1530 touz
993 1494 1040 1530 et
1066 1490 1263 1531 chescun
1289 1502 1374 1543 par
1405 1490 1472 1531 sei

208 1566 352 1595 avons
375 1554 440 1596 fet
459 1554 653 1607 homage
675 1567 704 1596 a
723 1559 879 1596 nostre
898 1555 1114 1608 seignour
1132 1556 1177 1596 le
1196 1557 1262 1597 rei
1283 1561 1474 1598 avaunt-

207 1619 275 1661 dit
288 1633 346 1660 en
364 1625 511 1661 cestes
533 1620 731 1674 paroles.
800 1621 831 1663 J
835 1633 889 1662 eo
912 1621 1096 1675 devynk
1114 1627 1268 1664 vostre
1293 1621 1472 1663 homme

207 1685 299 1739 lige
329 1686 384 1727 de
414 1687 502 1737 vie,
533 1691 580 1728 et
610 1687 667 1727 de
685 1687 901 1737 membre,
927 1691 974 1728 et
993 1687 1050 1728 de
1077 1688 1246 1729 terrien
1278 1687 1473 1738 honour,

207 1757 399 1794 countre
423 1757 530 1793 touz
555 1758 691 1806 gentz
711 1752 792 1806 qui
814 1758 1008 1806 purront
1027 1754 1183 1796 vivere
1206 1766 1265 1795 ou
1289 1754 1474 1803 murire,

209 1822 255 1859 et
298 1831 490 1859 mesmes
539 1818 658 1860 celui
703 1822 887 1860 ‘nostre
937 1820 1156 1873 seignour
1198 1820 1242 1860 le
1286 1820 1352 1860 rei
1396 1819 1474 1860 lad

208 1882 415 1925 resceu'⁵
438 1898 495 1926 en
535 1890 660 1926 ceste
694 1884 882 1926 fourme.
955 1885 1090 1927 Nous
1123 1886 1167 1927 le
1198 1886 1474 1927 resceivoms

208 1943 345 1991 ‘de'6
387 1955 533 1992 terrez
577 1951 690 1992 dont
731 1963 847 1993 vous
889 1957 1012 1993 estez
1055 1965 1134 1993 ore
1176 1952 1325 2002 seisie,
1371 1952 1483 1993 saus

209 2021 364 2057 nostre
387 2017 506 2058 dreit
528 2022 575 2059 et
601 2018 737 2067 autri,
769 2016 892 2059 ‘et'f
924 2017 1116 2072 forspris
1146 2018 1214 2059 lez
1241 2023 1387 2059 terrez
1407 2018 1475 2058 les

210 2095 324 2135 quez
354 2082 384 2124 J
388 2083 508 2124 ohan
530 2083 587 2124 de
609 2083 810 2133 Balliolf,
836 2083 914 2136 qui
936 2083 1006 2125 fut
1026 2097 1106 2137 rey
1127 2084 1338 2134 d’Escoz‚
1358 2096 1474 2125 vous

210 2148 331 2189 dona
360 2149 556 2203 puisque
585 2162 702 2190 nous
735 2149 801 2190 lui
830 2162 985 2190 sumez
1015 2149 1185 2190 renduz
1215 2149 1258 2190 le
1291 2162 1476 2191 reaume

209 2214 432 2255 d’Escoce
456 2214 496 2255 si
519 2215 622 2256 nuls
647 2227 761 2257 vous
783 2215 847 2256 eit
870 2214 1028 2256 donee.
1099 2215 1235 2256 Estre
1257 2228 1338 2256 ceo
1360 2229 1475 2257 nous

210 2284 317 2321 touz
367 2285 414 2321 et
453 2279 676 2322 chesconz
725 2280 781 2321 de
823 2293 939 2322 nous
982 2293 1068 2335 par
1111 2282 1178 2323 sei
1222 2293 1367 2323 avons
1412 2282 1477 2323 fet

210 2344 460 2387 ‘seautie'ss
493 2359 523 2387 a
555 2351 711 2388 nostre
740 2346 956 2400 seignour
985 2347 1027 2389 le
1056 2347 1124 2388 rei
1157 2347 1477 2400 d'Engleterre

211 2412 455 2453 avauntdit
487 2425 543 2454 en
578 2417 727 2454 cestez
761 2413 960 2466 parolez.
1029 2413 1118 2455 Jeo
1146 2414 1289 2455 serroi
1313 2413 1403 2455 feal
1431 2418 1478 2455 et

211 2478 318 2529 leal,
339 2483 385 2519 et
406 2478 469 2520 fai
490 2483 536 2520 et
555 2477 709 2520 leaute
731 2479 934 2532 porterai
957 2491 1017 2520 au
1046 2492 1130 2533 roy
1160 2479 1479 2532 d'Engleterre

263 2639 271 2658 ¹
296 2640 440 2672 ‘ascuns
477 2640 584 2682 estie,'
622 2640 700 2673 MS.
738 2639 826 2672 Con.
906 2639 919 2658 ⁵
942 2641 1014 2672 ‘lat
1029 2639 1157 2682 receu‚'
1172 2640 1248 2674 MS.
1265 2640 1353 2673 Cott.
1369 2640 1444 2673 Tib.

213 2688 312 2719 Arm·
907 2695 921 2715 ⁶
946 2699 956 2716 ⁴
968 2695 1047 2739 del,’
1063 2698 1139 2730 MS.
1159 2697 1249 2730 Cott.
1263 2697 1340 2729 Tib.

259 2731 272 2750 ρ
295 2731 492 2772 ‘quantke‚’
507 2731 583 2765 MS'
600 2731 687 2764 ⁰⁰¹¹·
702 2731 800 2785 -Am
907 2753 920 2778 ⁷
943 2755 1096 2787 Omitted
1110 2755 1146 2786 in
1165 2753 1456 2786 Ms.cou.A1-m.

260 2777 274 2796 ⁸
295 2779 306 2797 ‘
318 2779 460 2819 poomz‚'
475 2778 550 2810 MS.
566 2778 654 2810 Cott.
670 2778 745 2810 Τὼ.

262 2823 274 2841 ⁴
297 2826 306 2843 ‘
317 2829 388 2857 cest
404 2821 526 2866 chose}
544 2825 619 2857 MS.
635 2824 724 2858 Cott.
741 2824 816 2856 Tib.
908 2809 921 2829 ⁸
944 2812 954 2830 ⁴
966 2808 1123 2852 fiaunce,'
1141 2811 1216 2845 MS·
1233 2810 1323 2844 Οοῐῗ·
1334 2811 1410 2843 Tib·
