2038 3306
453 308 680 341 WAurEm
714 308 776 338 DE
810 308 1187 340 unmmcnuncfl.
1361 300 1446 341 197

182 412 308 453 ribus
344 425 372 454 a
409 413 575 466 quibus
617 413 784 455 habere
814 414 1044 463 volebant,
1077 418 1090 436 ‘
1108 412 1326 467 legalia'¹
1361 413 1441 456 ho·
1475 426 1595 453 rama
1616 428 1640 453 1.

182 479 336 530 magia
356 483 402 520 et
417 479 650 521 fidelitatis
665 480 930 534 juramenta
946 487 1230 534 receperunt.
1262 476 1442 531 ‘Nos‚’²
1457 460 1645 546 Kssssssm‘

174 542 293 596 juris
313 549 360 586 et
380 545 567 586 dominii
588 546 922 599 possessionem
943 547 1262 588 continuantes
1281 546 1443 601 hujus-⁷
1456 547 1656 581 ”ssd’wlssye

180 610 317 660 modi,
361 623 442 664 pro
477 615 680 665 tempore
721 618 895 662 nostro,
928 612 1087 654 eadem
1128 617 1223 654 tam
1262 625 1292 653 a
1330 616 1439 667 rege

179 673 346 718 Scotiae
369 690 508 730 quam
532 678 590 719 ab
613 682 626 700 ‘
642 676 798 731 ipsis’³
822 678 950 730 regni
974 679 1242 731 proceribus
1262 679 1434 732 recepi-

173 753 287 783 mus.
350 742 614 793 Quinimmo
648 742 855 784 ‘tanta’⁴
868 743 989 797 juris
1020 748 1066 785 et
1097 744 1285 785 dominii
1314 757 1433 797 prae-

179 808 390 860 rogativa
405 822 544 862 super
561 821 753 862 regnum
766 808 935 866 Scotiae
948 813 994 849 et
1007 808 1212 863 ejusdem
1226 813 1238 830 ‘
1252 809 1440 862 regem'⁵

176 873 453 924 gaudebant,
467 874 589 927 quod
607 887 797 927 regnum
818 874 970 927 ipsum
992 874 1203 915 fidelibus
1220 875 1316 915 suis
1332 888 1438 917 con-

175 937 408 990 ferebant3
444 952 576 992 reges
593 940 730 981 etiam
746 952 804 980 ex
824 940 975 980 causis
989 939 1131 993 justis
1145 941 1437 992 amovebant,

173 1008 218 1045 et
242 1005 578 1047 constituerunt
598 1006 684 1046 sub
712 1018 762 1046 se
782 1005 884 1047 loco
904 1005 1109 1059 ipsorum
1132 1005 1248 1047 alios
1272 1019 1435 1059 regna-

173 1075 315 1112 turos.
378 1074 392 1093 ‘
410 1070 528 1122 Quae
557 1071 857 1125 proculdubio
878 1071 1057 1112 notoria
1086 1071 1224 1112 fuisse
1255 1076 1302 1113 et
1337 1085 1438 1114 esse

172 1136 420 1178 creduntur
442 1138 564 1191 apud
585 1150 758 1186 omnes,
780 1137 887 1178 licet
906 1137 1029 1178 aliud
1055 1137 1210 1178 forsan
1230 1139 1435 1191 paternis

172 1203 358 1244 auribus
381 1216 460 1256 per
479 1204 606 1256 pacis
620 1203 809 1245 aemulos
822 1207 868 1244 et
883 1203 1145 1244 rebellionis
1166 1203 1285 1244 filios
1300 1204 1437 1246 fuerit

172 1267 289 1310 salsa
311 1269 620 1311 insinuatione
652 1273 952 1322 suggestum3
991 1281 1019 1310 a
1043 1282 1234 1322 quorum
1268 1270 1436 1311 machi-

175 1335 300 1375 nosis
336 1340 382 1376 et
414 1336 695 1388 imaginariis
729 1335 959 1387 figmentis
995 1340 1046 1377 ut
1076 1340 1244 1376 vestrae
1267 1336 1436 1377 sancti-

171 1401 282 1441 tatis
315 1401 474 1442 oculus
494 1406 731 1443 avertatur
754 1401 1027 1454 suppliciter
1058 1414 1349 1455 quaesumus;
1389 1407 1436 1443 et

174 1471 412 1518 paternam
449 1467 770 1508 excellentiam
800 1467 978 1508 devotis
1000 1466 1239 1508 affectibus
1270 1480 1435 1509 exora-

173 1544 290 1581 mus,
320 1537 388 1582 ut,
415 1533 655 1574 brevitatis
688 1545 828 1574 causa
855 1532 998 1585 gestis
1023 1533 1301 1574 anteriorum
1326 1539 1436 1575 tem-

172 1610 334 1650 porum
355 1598 511 1648 salvis,
527 1599 737 1652 quaedam
756 1598 957 1652 exempli
981 1611 1125 1639 causa
1142 1593 1438 1651 tangamus.’⁶

218 1740 226 1759 ¹
250 1741 378 1783 ‘ligia‚’
393 1743 470 1774 Rot.

217 1783 231 1802 ²
251 1788 261 1805 ‘
274 1791 308 1819 et
323 1789 408 1828 nos,'
423 1789 501 1821 Rot.

217 1830 231 1849 ³
252 1835 406 1874 ‘ipsius‚'
422 1836 499 1866 Rot.

817 1740 1013 1781 habitatam,
1029 1741 1152 1781 quibus
1167 1750 1231 1772 sua
1252 1744 1286 1772 et
1300 1751 1436 1773 suorum

817 1787 960 1818 devictis
985 1788 1135 1826 potentia
1159 1790 1193 1819 et
1214 1788 1347 1827 occisis,
1362 1798 1435 1819 eam

818 1834 948 1865 nomine
965 1843 1027 1864 suo
1041 1834 1248 1865 Britanniam
1259 1835 1435 1874 sociosque

215 1877 228 1896 ⁴
254 1881 381 1921 ‘tanti,'
396 1882 472 1914 MS.
489 1881 613 1913 Lansd.
817 1890 897 1911 suos
936 1880 1091 1912 Britones
1128 1880 1326 1919 appellavit.
1391 1881 1436 1911 Et

218 1925 230 1943 ⁵
251 1927 262 1945 ‘
273 1928 394 1968 reges‚’
410 1929 486 1960 Rot.
818 1926 999 1957 aedificavit
1022 1926 1191 1957 civitatem
1205 1936 1307 1966 quam
1320 1926 1437 1958 Trino-

215 1970 230 1989 ⁰
251 1974 262 1991 ‘
275 1985 353 2015 quae
369 1974 591 2015 proculdubio
608 1995 781 2005 .......
816 1975 953 2004 vaurum
982 1973 1201 2012 nuncupavit,
1230 1982 1308 2011 quae
1338 1973 1436 2004 modo

171 2030 277 2052 causa
305 2021 506 2061 tangamus!
553 2021 595 2051 In
625 2019 722 2059 place
751 2018 789 2050 of
819 2018 994 2049 Londonia
1007 2019 1208 2050 nominatur.
1255 2019 1300 2048 Et
1319 2021 1436 2057 postea

167 2067 235 2098 this
257 2077 414 2107 passage,
437 2067 493 2098 the
520 2066 703 2098 enrolment
723 2064 785 2095 has

170 2113 225 2144 the
259 2113 528 2153 following:—‘
540 2113 628 2145 Quae
654 2111 786 2150 procul-

171 2159 276 2190 dubio
291 2160 334 2190 ab
352 2160 489 2198 antiquo
505 2159 633 2189 notoria
651 2157 788 2188 fuerunt

170 2210 204 2236 et
213 2206 373 2244 existunt,
382 2205 461 2236 licet
475 2204 570 2236 aliud
578 2204 661 2234 forte
676 2206 786 2242 pater-

170 2252 223 2283 nis
238 2252 377 2283 auribus
394 2261 454 2291 per
473 2250 569 2290 pacis
593 2249 732 2281 aemulos
754 2251 788 2279 et

172 2298 363 2330 rebellionis
387 2298 472 2328 filios
497 2296 599 2328 fuerit
627 2295 714 2326 falsa
739 2294 788 2324 in-

172 2345 360 2376 sinuatione
392 2346 607 2383 suggestum3
647 2350 788 2380 quorum

172 2391 366 2422 machinosa
381 2393 414 2421 et
425 2388 622 2429 imaginaria
633 2388 789 2427 figmenta

172 2441 283 2468 vestra
305 2436 514 2476 providentia
524 2443 722 2475 quaesumus
736 2442 789 2464 as-

174 2487 343 2522 pernetur.
377 2482 447 2514 Sub
458 2481 664 2521 temporibus
674 2480 788 2519 itaque

173 2530 238 2569 Ely
251 2533 284 2561 et
294 2528 460 2561 Samuelis
470 2527 643 2568 prophetae
655 2527 707 2557 vir
716 2525 787 2565 qui-

172 2576 249 2606 dam
271 2579 427 2607 strenuus
448 2578 482 2606 et
498 2573 640 2614 insignis
662 2572 790 2603 Brutus

173 2623 314 2662 nomine,
340 2622 382 2653 de
413 2630 534 2662 genere
559 2620 790 2659 Trojanorum,

175 2672 251 2707 post
274 2668 444 2699 excidium
470 2667 563 2698 urbis
587 2666 697 2705 Trojae
713 2674 790 2695 cum

175 2714 290 2745 multis
305 2714 473 2745 nobilibus
494 2713 713 2752 Trojanorum
729 2720 790 2750 ap—

173 2761 295 2800 plicuit
311 2761 344 2791 in
360 2760 526 2799 quandam
552 2757 696 2789 insulam
710 2760 790 2788 tunc

819 2074 958 2104 regnum
988 2073 1087 2094 suum
1117 2064 1226 2095 tribus
1256 2064 1336 2094 filiis
1363 2065 1435 2096 suis

819 2110 947 2148 divisit,
962 2109 1092 2140 scilicet
1114 2109 1256 2141 Locrino
1270 2110 1436 2150 primoge-

820 2156 889 2186 nito
903 2156 996 2186 illam
1012 2159 1140 2195 partem
1158 2156 1341 2187 Britanniae
1358 2166 1435 2195 quae

821 2211 908 2232 nuuc
946 2201 1072 2241 Anglia
1108 2201 1232 2232 dicitur
1245 2205 1337 2241 3—et
1375 2202 1436 2233 Al-

822 2248 963 2279 banacto
988 2247 1136 2278 secundo
1156 2251 1238 2279 natu
1254 2247 1347 2279 illam
1362 2258 1438 2287 par-

820 2297 886 2324 tem
902 2303 979 2333 quae
994 2297 1074 2324 tunc
1097 2293 1246 2325 Albania
1260 2303 1282 2325 a
1302 2295 1434 2326 nomine

821 2339 1014 2379 Albanacti,
1060 2349 1149 2371 nunc
1196 2349 1275 2371 vero
1324 2340 1438 2371 Scotia

821 2388 1154 2426 nuncupatur;—-et
1188 2385 1332 2417 Cambro
1368 2386 1437 2418 filio

822 2433 940 2463 minori
957 2434 1084 2471 partem
1107 2431 1199 2463 illam
1222 2432 1352 2463 nomine
1376 2442 1438 2463 suo

822 2481 901 2509 tunc
918 2478 1076 2509 Cambria
1084 2481 1247 2517 vocatam,
1257 2487 1334 2517 quae
1349 2487 1438 2510 nunc

823 2524 948 2556 Wallia
962 2524 1128 2555 vocitatur
1139 2527 1368 2562 ;—reservata
1375 2525 1440 2556 Lo-

823 2571 915 2602 crino
957 2571 1080 2602 seniori
1125 2571 1219 2610 regia
1263 2570 1439 2610 dignitate.

824 2617 945 2656 Itaque
961 2617 1095 2648 biennio
1108 2619 1182 2655 post
1193 2619 1330 2647 mortem
1341 2616 1440 2648 Bruti

824 2663 990 2703 applicuit
1001 2663 1035 2693 in
1044 2662 1224 2693 Albaniam
1234 2662 1371 2702 quidam
1381 2672 1441 2694 rex

826 2709 1005 2740 Hunorum
1041 2708 1172 2740 nomine
1205 2708 1378 2747 Humber;
1409 2711 1444 2740 et

825 2755 1049 2786 Albauactum
1074 2754 1210 2786 fratrem
1235 2755 1367 2786 Locrini
1389 2765 1443 2786 oc-

175 2807 299 2838 Albion
318 2809 479 2846 vocatam,
494 2815 515 2836 a
531 2803 723 2845 gigantibus
740 2804 790 2834 iu-
825 2802 918 2834 cidit.
968 2802 1046 2834 Quo
1069 2800 1186 2833 audito
1206 2801 1369 2833 Locrinus
1384 2809 1442 2833 rex
