2038 3306
477 318 703 350 wAn'rnm
739 319 798 349 nn
831 320 1207 353 numinenuncn.
1384 311 1470 352 127

205 421 294 472 hic,
315 422 394 465 sed
416 423 608 465 iuferius
632 424 679 465 in
699 423 803 466 loco
827 438 927 467 suo.
992 425 1196 468 Comites
1222 439 1330 468 vero
1351 438 1470 479 prae-

204 488 315 530 dicti
338 502 438 531 cum
465 490 738 543 quibusdam
770 492 1017 534 baronibus
1042 493 1340 547 complicibus
1371 492 1468 534 suis

204 557 376 598 reversi
408 562 517 599 sunt
549 556 828 607 Londonias,
866 559 1159 612 prohibentes
1193 558 1468 601 cancellario

205 622 326 674 regis
357 627 403 664 et
435 623 686 666 baronibus
726 626 946 667 scaccarii
982 638 1040 667 ne
1074 631 1292 668 octavum
1328 625 1468 667 dena·

204 688 322 729 rium
344 702 481 743 quem
503 703 583 731 rex
614 692 872 744 expetierat
903 704 932 733 a
951 692 1141 746 populo,
1165 692 1238 734 vel
1259 691 1468 746 quintum

205 766 233 794 a
263 755 402 805 clero,
432 769 514 798 seu
536 756 739 811 aliquam
772 758 1066 800 vexationem
1095 763 1368 812 expeterent
1394 758 1469 800 vel

206 820 414 863 levarent
441 823 781 876 quoquomodo.
851 823 1158 877 Rogaverunt
1184 825 1322 866 etiam
1345 824 1468 866 Lon·

205 886 462 938 donienses,
495 894 716 942 tanquam
750 890 925 932 amicos
960 895 1007 932 et
1041 890 1313 941 confratres,
1339 897 1393 933 ut
1423 891 1471 932 in

205 955 478 1006 expetendis
507 955 799 998 libertatibus
831 955 1022 1008 Maguae
1054 956 1208 998 Cartae
1239 957 1305 999 eis
1329 957 1469 998 assis-

206 1020 519 1072 tere-vellent,
549 1026 595 1063 et
621 1033 778 1063 curam
807 1021 1024 1064 adhibere
1056 1022 1236 1064 fidelem
1258 1023 1326 1065 ita
1346 1023 1470 1077 quod

198 1085 309 1140 jura
347 1087 528 1140 perdita
571 1100 844 1142 recuperare
887 1095 1077 1142 possent
1116 1095 1163 1130 et
1199 1095 1471 1144 recuperata

203 1153 349 1204 tueri;
381 1158 428 1206 et
451 1167 508 1195 ne
528 1154 692 1208 rapina
714 1154 788 1196 vel
818 1156 1079 1198 extortione
1099 1155 1261 1198 illicita
1283 1162 1471 1210 possent

205 1220 338 1272 argui
359 1220 406 1260 in
431 1225 682 1274 posterum,
706 1220 914 1274 praedicti
936 1222 1128 1264 comites
1152 1222 1331 1275 publice
1364 1236 1470 1276 pro-

204 1285 393 1327 clamari
414 1286 620 1328 fecerunt
642 1300 698 1328 ne
718 1300 906 1329 suorum
928 1288 1171 1342 quisquam
1193 1302 1287 1330 rem
1309 1302 1469 1342 quam-

205 1365 383 1406 cunque
413 1353 639 1394 modicam
664 1359 850 1408 caperet
871 1367 899 1395 a
922 1368 1212 1408 quocunque,
1237 1354 1324 1396 nisi
1339 1355 1470 1409 justo

204 1417 315 1459 dato
337 1419 501 1472 pretio,
523 1426 569 1461 et
597 1419 684 1461 hoc
705 1421 790 1461 sub
814 1433 954 1474 poena
983 1421 1286 1464 mutilationis
1307 1435 1471 1463 manus

204 1484 399 1535 dextrae,
435 1486 507 1526 vel
546 1486 685 1527 etiam
725 1487 892 1540 capitis
928 1488 969 1528 si
1010 1488 1149 1541 eulpa
1181 1494 1468 1541 exposceret.

206 1550 491 1605 Reversique
520 1557 630 1594 sunt
659 1552 707 1592 in
730 1558 877 1594 terras
909 1566 1035 1604 suas,
1066 1554 1181 1595 nulli
1211 1554 1468 1596 molestiam

200 1616 446 1660 inferentes
471 1623 553 1660 aut
573 1631 844 1672 gravamen.

285 1766 398 1807 Scoti
416 1766 730 1809 insum-emerunt
748 1772 894 1809 contra
914 1768 1075 1824 Regem,
1096 1774 1134 1810 et
1154 1782 1231 1824 quo
1250 1768 1393 1810 Modo.

269 1883 434 1926 Mense
482 1884 611 1926 Maio
656 1884 862 1940 ejusdem
907 1886 1015 1927 anni
1056 1898 1171 1938 gens
1225 1884 1468 1927 Scotorum

199 1950 375 2003 perfida
406 1951 629 1993 rebellare
668 1952 811 2005 coepit
852 1951 939 1994 hoc
982 1952 1134 1994 modo.
1207 1951 1374 1993 Comes
1412 1952 1468 1994 de

200 2016 451 2068 Waoenna,
492 2019 567 2059 cui
607 2031 691 2059 rex
733 2023 889 2060 noster
925 2031 1081 2060 curam
1121 2023 1168 2060 et
1207 2018 1468 2060 custodiam

201 2083 342 2125 totius
380 2085 510 2137 regni
548 2084 717 2126 Scotiae
747 2084 849 2126 vice
879 2098 964 2126 sua
993 2089 1039 2126 et
1068 2084 1250 2126 nomine
1280 2086 1467 2126 commi-

201 2155 340 2199 serat,
375 2151 719 2204 corruptionem
754 2151 873 2192 aeris
911 2163 1126 2200 causans,
1162 2150 1281 2192 dixit
1315 2163 1365 2192 se
1404 2151 1468 2193 ibi

201 2228 291 2256 non
323 2229 459 2270 posse
493 2229 679 2258 manere
716 2229 819 2258 cum
853 2218 1079 2268 sanitate;
1121 2217 1384 2270 mansitque
1419 2218 1468 2259 in

202 2280 393 2335 Anglia,
415 2283 462 2324 in
493 2288 624 2336 parte
647 2287 800 2324 tamen
823 2283 1068 2336 aquilonis,
1092 2287 1139 2325 et
1171 2282 1326 2325 hostes
1351 2297 1467 2325 exu-

200 2348 351 2390 lantes
389 2350 592 2403 segniter
626 2357 899 2403 prosecutus
934 2355 1021 2399 est,
1052 2349 1176 2404 quod
1214 2349 1301 2391 suit
1334 2350 1466 2392 nobis

197 2415 246 2455 in
281 2420 514 2469 posterum
550 2416 653 2458 fons
688 2421 735 2458 et
774 2416 905 2468 origo
943 2415 1065 2458 mali.
1127 2415 1466 2460 'thesaurarius

200 2482 338 2523 etiam
381 2483 504 2535 regis
557 2482 769 2524 dominus
817 2482 962 2535 Hugo
1015 2482 1072 2524 de
1124 2481 1480 2536 Cressingham,¹

201 2548 338 2591 homo
372 2562 623 2603 pomposus
662 2554 707 2590 et
741 2549 908 2599 elatus,
947 2549 1082 2590 valde
1117 2549 1361 2603 pecuniam
1395 2549 1465 2590 di-

200 2615 330 2665 lexit,
373 2622 420 2658 et
462 2629 644 2657 murum
680 2615 912 2670 lapideum
950 2627 1083 2669 quem
1117 2615 1218 2669 ipse
1253 2614 1465 2658 dominus

200 2695 284 2723 rex
314 2695 453 2736 super
483 2696 652 2724 novum
685 2682 909 2724 fossatum
945 2682 1068 2736 apud
1101 2681 1329 2736 Berewyk
1359 2695 1464 2724 con-

200 2749 317 2790 strui
357 2754 641 2803 praeceperat
683 2762 775 2790 non
813 2748 1089 2798 construxit,
1131 2748 1253 2802 quod
1290 2748 1461 2791 nostris

200 2815 354 2858 evenit
380 2816 427 2857 in
458 2815 739 2866 scandalum,
763 2820 815 2856 ut
839 2816 1016 2869 patebit
1048 2814 1256 2858 inferius.
1318 2815 1350 2857 J
1353 2815 1466 2858 usti-

1504 436 1624 462 Edward
1643 437 1667 462 1.

1504 470 1578 495 A.D.
1594 469 1669 495 1297.

1487 1897 1592 1924 Affairs
1604 1898 1635 1923 or

1487 1932 1628 1958 Scotland.

1486 1981 1546 2006 The
1559 1981 1639 2006 Scots

1484 2014 1570 2042 rebel.
