1992 3202
483 271 711 304 warum
743 269 806 302 DE
836 269 1213 302 HEMmcnuncn.
1414 258 1474 300 67

207 376 328 417 lator
368 381 560 430 paratus
606 381 706 418 erat
751 376 910 419 audire
961 376 1214 431 apostolica
1256 375 1474 417 mandata

205 444 220 464 ‘
237 446 458 496 tanquam
487 443 671 497 prolata
700 443 884 485 coelitus
916 447 963 485 et
995 442 1194 486 emissa?
1213 441 1226 464 ¹
1297 442 1475 484 Finito-

207 521 297 562 que
324 522 550 560 sermone,
574 510 704 551 brevi
735 510 987 564 statimque
1013 523 1073 551 ex
1093 514 1327 563 praecepto
1350 510 1474 564 regis

207 575 489 618 recitabatur
530 576 576 618 in
621 575 803 618 Gallico
849 581 979 618 totus
1029 588 1272 630 processus
1315 589 1474 630 supra-

206 642 424 695 scriptus,
478 643 706 696 quomodo
756 643 932 685 scilicet
984 641 1103 684 inter
1156 655 1288 696 reges
1347 642 1474 696 ipsos

207 721 375 760 guerra
405 715 570 751 exorta
590 714 675 759 est,
696 714 742 751 et
765 721 912 762 usque
932 707 978 749 in
1000 708 1193 750 eundem
1222 709 1343 751 diem
1363 722 1474 750 con-

206 773 415 826 tinuata;
439 780 492 817 ut
510 775 600 829 ipsi
620 775 700 828 qui
719 775 994 817 mediatores
1011 775 1140 828 pacis
1159 775 1412 817 existerent
1427 780 1475 818 et

208 846 493 893 promotores
544 841 701 883 videre
753 845 942 894 possent
991 845 1039 882 et
1086 840 1323 883 dinoscere
1370 842 1474 895 quis

208 919 366 959 regum
385 907 618 961 justitiam
639 907 829 948 haberet
853 907 900 947 in
920 919 1078 956 causa,
1102 906 1177 949 vel
1200 907 1304 960 quis
1326 907 1474 962 injus-

208 972 355 1014 titiam
396 973 674 1015 confoveret.
765 972 823 1014 In
859 972 951 1014 fine
987 986 1098 1015 vero
1141 973 1286 1015 totius
1323 973 1475 1027 longae

206 1039 487 1081 recitationis
519 1038 844 1093 suprascriptae
880 1039 1083 1082 surrexit
1113 1037 1345 1082 Antonius
1376 1040 1477 1082 Du-

207 1105 454 1148 nolmensis
485 1106 745 1160 episcopus,
766 1110 813 1147 et
835 1118 895 1146 ex
918 1110 1050 1159 parte
1082 1106 1206 1160 regis
1238 1107 1477 1161 respondit

208 1171 275 1213 sic
298 1172 345 1213 in
368 1171 567 1223 Gallico,
592 1175 622 1196 “
639 1171 756 1223 Vos,
779 1171 954 1214 domini
979 1172 1253 1223 cardinales,
1274 1173 1476 1227 rogastis

208 1242 256 1279 et
274 1239 532 1292 requisistis
560 1238 793 1281 dominum
824 1242 1033 1280 nostrum
1053 1252 1209 1292 regem
1233 1253 1317 1293 pro
1339 1240 1477 1294 plena

209 1317 324 1357 pace
362 1305 653 1347 concedenda
684 1305 760 1347 vel
791 1305 925 1347 bonis
959 1305 1125 1348 saltem
1161 1307 1338 1359 treugis
1373 1306 1475 1347 diu-

211 1371 304 1412 tius
334 1371 678 1426 amplectendis.
750 1371 812 1413 Et
834 1371 944 1413 licet
967 1373 1285 1426 unusquisque
1317 1371 1476 1415 Chris-

210 1436 363 1479 tianus
390 1442 438 1479 et
468 1438 557 1479 fide
594 1437 849 1479 catholicus
878 1451 1039 1492 pacem
1065 1438 1184 1481 velle
1214 1439 1400 1481 debebit
1431 1444 1478 1481 et

210 1515 312 1544 eam
348 1504 565 1558 amplecti
602 1505 781 1546 ratione
813 1505 1039 1546 bonorum
1074 1517 1179 1558 quae
1216 1518 1277 1547 ex
1314 1518 1370 1547 ea
1407 1518 1479 1548 se-

208 1574 429 1623 quuntur,
470 1575 517 1612 et
546 1574 736 1624 propter
765 1569 868 1624 ejus
898 1571 1131 1613 contraria
1161 1576 1210 1614 et
1251 1572 1476 1613 immensa

208 1636 333 1678 mala
367 1649 471 1691 quae
494 1650 554 1678 ex
577 1649 746 1690 guerra
776 1637 1053 1690 proveniunt
1084 1642 1132 1679 et
1162 1650 1220 1679 ex
1252 1638 1477 1680 seditione

208 1708 476 1752 nascuntur,
497 1707 651 1745 tamen
674 1703 944 1745 fidelitatem
963 1703 1171 1758 juratam
1207 1708 1254 1746 et
1287 1705 1478 1758 promis-

207 1782 307 1811 sam
322 1769 519 1811 fideliter
538 1774 692 1812 tenere
715 1773 728 1793 ‘
743 1769 984 1812 deberent'
996 1769 1013 1792 ²
1033 1769 1241 1813 homines
1253 1771 1473 1814 universi.

212 1835 348 1878 Unde
386 1837 486 1890 ipse
528 1837 740 1878 dominus
789 1850 872 1878 rex
919 1837 1166 1891 respondet
1206 1837 1337 1880 vobis
1377 1837 1473 1880 sic:

208 1905 238 1924 “
255 1902 392 1954 Quod
416 1903 523 1945 talis
546 1902 877 1946 confoederatio
898 1902 1019 1945 inter
1038 1917 1193 1957 regem
1218 1903 1476 1946 Alemaniae

210 1973 256 2010 et
275 1970 426 2023 ipsum
443 1969 543 2025 jam
565 1983 685 2012 nunc
705 1969 821 2012 inita
858 1974 945 2020 est,
966 1974 1013 2012 et
1037 1983 1118 2024 per
1137 1975 1476 2012 sacramentum

210 2036 496 2086 confirmata,
532 2036 655 2090 quod
704 2041 866 2079 neuter
906 2049 1064 2078 eorum
1113 2037 1287 2090 absque
1330 2036 1477 2078 altero

210 2115 314 2143 cum
346 2115 454 2156 rege
481 2102 763 2144 Francorum
798 2115 958 2156 pacem
994 2102 1148 2152 saciet,
1183 2102 1259 2144 vel
1289 2107 1478 2156 treugas

210 2171 222 2189 ‘
237 2167 475 2210 concedet’
490 2167 506 2190 ³
528 2181 713 2222 quoquo
735 2168 887 2210 modo.
959 2168 1106 2223 Cujus
1126 2168 1192 2210 rei
1213 2181 1356 2210 causa
1374 2169 1477 2223 ipso

209 2238 219 2255 ‘
237 2247 328 2276 non
385 2232 666 2288 requisito'4
706 2234 778 2276 vel
820 2234 1135 2285 dissentiente,
1182 2248 1265 2276 nec
1317 2248 1478 2289 pacem

209 2300 359 2342 facere
380 2306 533 2354 potest
554 2314 638 2343 nec
665 2306 854 2354 treugas
881 2301 1130 2342 concedere
1149 2301 1297 2343 vult.''
1369 2301 1476 2352 Quo

209 2372 420 2409 cessante
441 2367 582 2421 loqui,
604 2367 844 2409 confestim
867 2366 1121 2409 cardinales
1151 2367 1303 2421 ipsum
1322 2381 1476 2422 regem

209 2440 506 2487 rogaverunt,
527 2438 595 2484 ut,
617 2447 677 2475 ex
707 2433 950 2476 clementia
971 2434 1116 2487 regia,
1145 2447 1346 2476 annuere
1377 2434 1479 2488 dig-

210 2505 399 2542 naretur
427 2500 614 2543 nuntios
644 2513 782 2554 super
803 2500 889 2542 hoc
922 2500 1021 2554 regi
1050 2498 1306 2542 Alemaniae
1334 2500 1477 2542 desti-

209 2580 336 2610 nare.
405 2567 468 2610 Et
505 2567 642 2609 datus
682 2572 754 2609 est
795 2566 892 2609 dies
925 2567 1152 2609 crastinus
1190 2566 1249 2608 ad
1288 2580 1477 2622 respon—

257 2703 267 2723 ¹
290 2706 348 2738 Sic
359 2706 435 2738 MS.
449 2706 596 2746 Lansd.;
620 2706 721 2739 MSS.
734 2706 821 2740 Coll.
902 2704 917 2723 ²
941 2706 951 2724 ‘
963 2707 1111 2747 debent‚'
1127 2707 1202 2740 MS.
1221 2707 1347 2740 Lansd.

207 2752 302 2785 Arm.
318 2753 386 2785 and
411 2753 500 2785 Cott.
516 2753 592 2787 Tib.
616 2753 698 2785 read
721 2754 731 2772 ‘
748 2756 822 2785 tan-
903 2753 916 2773 ³
940 2753 950 2771 ‘
960 2753 1146 2794 concedat,'
1162 2754 1238 2787 MS.
1250 2754 1338 2787 0011.
1355 2754 1449 2787 Arm.

210 2809 310 2839 quam
326 2799 461 2831 coelitus
477 2800 580 2832 etiam
596 2799 746 2833 emissa.'
903 2797 915 2815 ⁴
938 2800 949 2818 ‘
958 2799 1174 2842 irrequisito,’
1191 2801 1267 2833 MS.
1283 2801 1408 2834 Lansd.

1183 2864 1243 2894 1²2

1505 386 1627 412 Edward
1647 386 1671 411 Ι.

1506 420 1541 445 Δ.
1553 419 1586 444 D.
1602 420 1677 445 129⁵.
