2038 3306
478 330 702 361 WAlsrmu
737 331 798 360 DE
830 331 1206 363 HEMINGBURGH.
1390 322 1476 363 169

211 436 257 473 et
296 433 603 488 praecipimus,
643 436 729 476 sub
772 436 922 490 poenis
964 437 1010 478 in
1055 435 1470 492 ‘compromissis'¹
1506 449 1668 507 {⁰8³}ssss

211 500 439 541 contentis
491 505 537 541 et
586 501 687 542 aliis
737 502 793 543 de
840 502 1009 556 quibus
1057 504 1188 545 nobis
1227 503 1472 550 videbitur,
1490 501 1593 561 Agna
1605 537 1636 561 οἱ
1666 498 1675 508 ’

210 564 400 606 arbitrio
452 572 610 609 nostro
663 567 957 610 nihilominus
1000 569 1131 611 firmo
1172 574 1402 618 manente,
1446 570 1632 628 agssssism.

211 631 422 683 partibus
453 633 781 676 inviolabiliter
803 635 1054 678 observari.
1125 635 1186 677 Et
1209 636 1426 690 ‘insuper
1442 634 1477 656 ’²

210 709 499 740 reservamus
520 701 650 741 nobis
671 700 862 742 liberum
884 701 1120 743 arbitrium
1149 706 1196 743 et
1223 701 1475 755 plenariam

209 767 502 816 potestatem,
550 771 687 820 prout
736 780 797 808 ex
846 766 993 809 forma
1044 768 1475 821 compromissorum

208 830 530 881 praedictorum
568 832 699 874 nobis
734 833 967 886 competit,
1006 838 1172 886 ‘super
1190 832 1226 854 '³
1263 834 1475 875 omnibus

210 900 256 936 et
286 896 482 949 singulis
510 910 614 950 quae
646 898 765 939 inter
795 898 979 939 eosdem
1010 911 1142 951 reges
1179 912 1235 940 ex
1267 912 1475 953 compro-

209 961 361 1002 missis
402 963 633 1016 praedictis
673 964 954 1012 arbitranda,
992 964 1239 1012 laudanda,
1291 978 1475 1019 compo—

208 1027 373 1077 nenda,
397 1027 657 1070 diffinienda
679 1037 726 1071 et
750 1030 1098 1083 pronuncianda
1120 1035 1312 1079 restant,
1333 1036 1380 1072 et
1403 1031 1476 1072 hic

209 1093 446 1143 arbitrata,
484 1095 688 1142 laudata,
725 1095 920 1138 diffinita
963 1102 1009 1138 et
1049 1097 1356 1151 pronunciata
1387 1111 1477 1139 non

208 1164 330 1208 sunt,
356 1161 624 1210 arbitrandi,
650 1161 885 1212 laudandi,
907 1161 1170 1214 diffiniendi,
1196 1163 1477 1205 arbitraliter

208 1226 529 1277 sententiandi,
560 1228 869 1282 praecipiendi,
901 1229 1156 1278 ordinandi,
1189 1230 1475 1284 disponendi,

209 1297 350 1347 atque
381 1294 728 1347 pronunciandi,
763 1308 940 1337 necnon
974 1300 1021 1337 et
1053 1301 1148 1337 tam
1179 1296 1226 1336 in
1261 1296 1472 1338 omnibus

212 1364 224 1382 ‘
242 1357 346 1400 et'⁴
384 1360 578 1413 singulis
618 1361 866 1410 arbitratis,
909 1361 1125 1410 laudatis,
1169 1360 1387 1412 diffinitis,
1430 1367 1477 1404 et

210 1426 523 1478 pronunciatis
558 1427 604 1468 in
649 1428 867 1481 praesenti
908 1428 1099 1470 arbitrio
1139 1433 1279 1482 atque
1317 1428 1471 1479 laudo,

210 1504 347 1544 quam
378 1492 422 1532 in
456 1492 542 1533 hiis
564 1505 667 1546 quae
699 1493 982 1543 arbitranda,
1004 1494 1251 1541 laudanda,
1274 1495 1472 1537 arbitra-

208 1557 315 1598 liter
334 1559 666 1607 sententienda‚
682 1558 955 1609 diffinienda,
979 1566 1025 1602 et
1044 1560 1405 1614 pronuncianda,
1422 1566 1473 1603 ut

209 1624 518 1676 praemittitur,
544 1629 733 1674 restant,
755 1626 965 1675 addendi,
990 1633 1001 1651 ‘
1019 1625 1311 1676 minuendi‚’⁵
1332 1628 1470 1668 corri-

209 1690 362 1742 gendi,
424 1690 752 1745 interpretandi
811 1698 858 1733 et
913 1692 1178 1734 declarandi
1232 1693 1373 1734 semel
1427 1698 1474 1735 et

209 1755 380 1809 pluries
418 1762 464 1798 et
493 1758 708 1811 quotiens
741 1758 871 1800 nobis
900 1758 1126 1812 placuerit
1157 1771 1212 1800 ac
1243 1759 1474 1801 videbitur

209 1822 440 1876 expedire.
513 1823 758 1874 Caeterum,
803 1830 856 1867 ut
897 1825 1089 1867 dextera
1131 1825 1339 1874 Domini,
1372 1839 1475 1880 quae

207 1889 367 1930 miram
409 1887 600 1932 ‘facit'5
644 1891 690 1932 in
738 1904 927 1933 suorum
966 1905 1155 1945 operum
1197 1893 1471 1934 executione

209 1959 220 1976 ‘
238 1950 510 2005 vi1·tutem,'6
543 1956 769 1999 efficacius
801 1962 848 1999 et
878 1958 1126 2011 perfectius
1157 1958 1264 1999 huic
1288 1959 1475 2011 negotio

207 2027 514 2076 prosperetur,
560 2024 802 2065 terminum
844 2024 1201 2078 peremptorium
1250 2037 1306 2065 ex
1354 2038 1475 2066 nunc

208 2088 321 2140 ipsis
354 2089 538 2142 regibus
570 2090 875 2143 assignamus,
922 2096 975 2131 ut
1010 2103 1149 2144 super
1179 2090 1394 2131 omnibus
1429 2090 1476 2132 in

207 2155 422 2207 praesenti
459 2156 648 2196 arbitrio
683 2156 815 2196 nobis
849 2169 988 2209 super
1023 2156 1148 2198 dicto
1183 2156 1369 2208 negotio
1403 2170 1474 2198 re-

207 2221 417 2270 servatis,
447 2227 493 2262 et
531 2221 588 2262 ad
625 2234 679 2262 ea
715 2222 1067 2275 pertinentibus,
1110 2220 1282 2263 ‘illis'⁵
1314 2222 1387 2263 die
1419 2236 1474 2264 ac

208 2285 309 2327 loco
330 2292 627 2340 compareant
655 2300 811 2328 coram
843 2288 989 2338 nobis,
1025 2288 1081 2329 de
1109 2289 1279 2341 quibus
1311 2289 1378 2330 eis
1414 2289 1473 2330 ad

206 2352 251 2392 id
275 2358 286 2375 ‘
304 2366 383 2406 per
405 2359 586 2394 nostras
607 2353 876 2394 duxerimus
910 2354 1070 2395 literas
1091 2354 1402 2396 nunciandum
1418 2349 1472 2407 ;’7

207 2432 310 2460 cum
347 2420 514 2472 quibus
549 2431 686 2472 super
722 2419 824 2468 hiis,
858 2433 942 2473 pro
974 2420 1181 2474 ipsorum
1213 2421 1381 2474 quiete,
1419 2434 1474 2463 ac

208 2498 431 2539 prospero
472 2490 599 2527 statu
638 2486 809 2535 mundi,
847 2491 894 2527 et
934 2499 1017 2540 pro
1056 2487 1260 2529 utilitate
1302 2488 1474 2541 negotii

253 2653 262 2672 ¹
289 2651 298 2668 ‘
316 2650 513 2703 promissis?
554 2650 630 2683 MS.
675 2650 799 2683 Lansd.
815 2661 824 2690 3
904 2648 918 2668 ⁸
939 2650 1092 2682 Omitted
1108 2651 1143 2682 in
1160 2651 1261 2684 MSS.

205 2696 756 2784 ‘psssssszsszzffit’ffisvs‘522

253 2785 267 2804 ³
288 2791 414 2830 ‘super
430 2788 519 2830 hiis‚'
537 2790 638 2822 MSS.
905 2786 918 2807 ⁷
941 2790 950 2806 ‘
964 2789 1152 2820 faciendum
1179 2799 1239 2829 per
1261 2790 1376 2823 literas
1399 2801 1474 2823 nos-

254 2832 265 2850 ⁴
291 2837 300 2854 ‘
312 2846 411 2876 quam
428 2836 485 2877 in,'
502 2836 601 2868 MSS.
859 2838 928 2867 tras
943 2835 1200 2876 nunciabimus‚’
1219 2837 1319 2870 MSS.

904 2719 917 2739 ⁶
940 2722 949 2739 ‘
960 2722 1116 2753 virtutem
1130 2722 1312 2764 operatur,’
1327 2722 1429 2755 MSS.
