2038 3306
339 429 460 457 Edward
471 428 497 455 1.

336 465 371 490 A.
380 465 414 489 D.
427 464 503 489 1305.

326 1026 353 1051 A
366 1025 447 1058 papal

327 1059 420 1091 legate
431 1057 514 1083 visits

329 1091 468 1123 England‚

326 1125 383 1150 and
396 1126 491 1150 exacte

326 1158 376 1183 the
388 1158 462 1183 first-

323 1190 418 1216 fruits.

335 2469 395 2494 The
407 2469 512 2502 Bishop

336 2503 367 2527 of
378 2503 505 2529 Dux-ham

335 2537 444 2560 created

338 2569 480 2594 Patriarch
492 2570 523 2594 of

336 2602 504 2627 Jerusalem.

533 301 621 343 242
1021 305 1300 344 onnomcon

535 414 811 471 patrimonio
824 413 940 463 frui;
972 414 1183 469 vixitque
1197 416 1262 457 sic
1280 416 1336 458 de
1353 417 1547 470 pecunia
1566 422 1750 458 extorta
1767 430 1795 458 a

538 481 816 523 confirmatis
835 481 1060 534 episcopis
1076 481 1124 522 in
1139 482 1278 523 curia.
1327 482 1554 533 Quoniam
1573 484 1631 524 ab
1648 483 1796 524 archi-

539 549 753 602 episcopo
794 546 995 588 Eborum
1030 546 1280 598 willelmo,
1313 548 1478 590 ibidem
1514 550 1796 599 confirmato,

539 618 707 667 praeter
730 625 957 666 expensas
979 624 1095 666 quas
1118 613 1181 654 ibi
1201 613 1455 666 largissime
1475 614 1660 664 fecerat,
1680 615 1799 656 infra

540 680 735 733 primum
761 691 893 720 suum
918 691 1087 719 annum
1108 678 1267 720 habuit
1287 679 1446 720 novies
1476 680 1600 720 mille
1621 693 1798 722 marcas

541 745 721 798 argenti
742 749 788 786 et
807 745 1097 798 quingentas,
1119 749 1165 786 et
1186 745 1284 798 ipse
1299 745 1366 786 sic
1380 756 1555 799 pauper
1576 758 1799 796 reversus,

540 811 658 852 infra
676 810 867 852 eundem
887 822 1054 852 annum
1071 811 1266 864 primum
1281 810 1440 852 habuit
1460 824 1488 852 a
1500 811 1694 852 subditis
1707 812 1801 853 suis

542 877 770 930 religiosis
791 881 837 918 et
855 877 1124 927 rectoribus,
1151 877 1298 930 primo
1323 877 1502 918 nomine
1529 877 1801 919 curialitatis

543 948 590 985 et
614 942 792 996 gratiae,
817 947 863 984 et
895 942 1095 983 secundo
1126 942 1308 983 nomine
1338 943 1501 993 mutui,
1532 943 1800 984 immensam

543 1009 751 1063 pecuniae
767 1021 1007 1050 summam.
1060 1008 1282 1062 Misitque
1294 1021 1417 1062 papa
1431 1009 1646 1051 nuncium
1666 1022 1800 1050 suum

543 1076 590 1116 in
606 1075 824 1127 Angliam
847 1074 1027 1115 nomine
1048 1073 1192 1115 Testa
1218 1087 1321 1115 cum
1342 1075 1478 1115 bullis
1500 1075 1611 1124 suis,
1631 1075 1679 1115 in
1702 1076 1799 1128 qui-

542 1142 628 1183 bus
652 1140 905 1182 reservavit
926 1140 1012 1181 sibi
1032 1140 1202 1193 primos
1223 1140 1397 1181 fructus
1416 1140 1549 1193 primi
1571 1140 1678 1181 anni
1702 1154 1799 1181 om-

543 1207 668 1247 nium
692 1206 987 1247 ecclesiarum
1013 1206 1277 1246 vacantium
1300 1218 1571 1259 quocunque
1595 1211 1799 1259 tempore

545 1272 617 1314 vel
651 1271 788 1312 modo
817 1271 936 1312 infra
968 1283 1112 1324 regna
1151 1269 1352 1324 Angliae‚
1387 1271 1572 1321 Scotiae,
1615 1271 1798 1314 Walliae

543 1342 590 1379 et
628 1337 879 1387 Hiberniae,
912 1341 958 1378 et
986 1336 1162 1378 fructus
1193 1337 1401 1378 similiter
1437 1338 1636 1379 omnium
1664 1339 1801 1380 abba-

544 1404 714 1444 tiarum
736 1408 783 1444 et
801 1402 1083 1457 prioratuum
1107 1403 1366 1445 vacantium
1387 1403 1546 1444 eodem
1569 1409 1770 1458 tempore
1788 1417 1800 1446 t

544 1474 732 1523 propter
753 1469 875 1522 quod
897 1469 1111 1522 opposuit
1134 1482 1184 1509 se
1205 1469 1416 1511 dominus
1443 1483 1523 1511 rex
1547 1482 1649 1510 cum
1671 1483 1800 1523 mag-

546 1536 729 1577 natibus
752 1535 847 1576 suis
867 1536 914 1576 in
938 1535 1240 1588 parliamento
1268 1548 1352 1576 suo
1386 1536 1508 1589 apud
1534 1535 1801 1586 Carliolum,

547 1601 719 1650 dicens,
769 1614 862 1642 non
910 1613 1011 1642 esse
1062 1600 1230 1642 rationi
1279 1613 1543 1651 consonum,
1599 1601 1721 1654 quod
1774 1614 1804 1643 a

546 1667 851 1716 monasteriis,
882 1679 911 1707 a
944 1666 1356 1720 praedecessoribus
1385 1667 1481 1708 suis
1510 1667 1582 1708 vel
1617 1680 1645 1708 a
1674 1681 1803 1721 mag-

548 1733 734 1774 natibus
774 1737 907 1773 terrae
947 1732 1147 1774 fundatis
1185 1733 1233 1773 in
1271 1732 1442 1774 honore
1485 1733 1660 1774 servitii
1699 1734 1802 1782 Dei,

548 1802 698 1840 certae·
724 1798 1009 1840 eleemosinae
1053 1804 1099 1839 et
1140 1798 1467 1852 hospitalitatis
1507 1799 1803 1849 sustinendae,

547 1877 671 1917 papa
703 1864 768 1905 sic
803 1865 974 1917 primos
1002 1864 1179 1905 fructus
1213 1865 1435 1917 exigeret,
1457 1869 1503 1905 et
1539 1865 1690 1906 cultus
1714 1865 1802 1907 Dei

549 1935 595 1971 et
615 1930 907 1983 hospitalitas
934 1930 1209 1983 deperirent.
1280 1930 1340 1971 Et
1367 1930 1433 1971 sic
1460 1931 1657 1972 mutavit
1682 1944 1805 1984 papa

547 1996 832 2048 propositum
857 2002 1079 2049 quantum
1110 1995 1165 2036 ad
1194 1995 1431 2047 abbatias;
1474 1996 1551 2037 sed
1588 2009 1804 2038 concessa

548 2061 731 2102 domino
787 2062 885 2114 regi
938 2063 996 2102 ab
1048 2061 1252 2103 ecclesiis
1292 2061 1564 2115 Anglicanis
1628 2062 1804 2104 decima

547 2127 762 2177 biennali,
783 2127 982 2169 obtinuit
1005 2127 1178 2182 primos
1199 2127 1377 2169 fructus
1405 2127 1731 2178 ecclesiarum‚¹
1754 2133 1807 2170 ut

547 2193 817 2246 praedictum
839 2198 923 2235 est.

548 2339 777 2395 Episcopus
788 2339 1075 2382 Dunolmensis
1086 2340 1258 2394 efficitur
1269 2339 1530 2404 Patriarchtz
1536 2355 1618 2396 per
1625 2341 1807 2397 Papam.

618 2453 717 2495 Iste
738 2466 884 2496 novus
905 2466 1028 2507 papa
1050 2454 1220 2495 multas
1245 2453 1353 2495 fecit
1372 2455 1614 2496 novitates.
1679 2455 1809 2496 Inter

551 2532 666 2573 quas
702 2520 809 2561 fecit
848 2520 1112 2574 episcopum
1157 2520 1513 2561 Dunolmensem
1556 2519 1810 2563 Antonium

550 2586 858 2639 patriarcham
893 2585 1331 2634 Jerosolimitanum,
1363 2585 1668 2638 dispensando
1706 2600 1809 2628 cum

598 2756 605 2775 ¹
627 2758 736 2790 These
766 2758 952 2790 first-fruita
982 2758 1161 2790 continued
1195 2767 1261 2790 nue
1271 2758 1358 2789 until
1370 2757 1426 2789 the
1437 2758 1517 2789 time
1529 2758 1566 2789 of
1577 2758 1697 2798 Henry
1704 2758 1812 2792 VIII.

546 2807 579 2834 to
595 2804 677 2835 sorm
694 2814 715 2835 a
730 2808 805 2844 part
820 2804 858 2836 of
874 2804 930 2836 the
949 2805 1051 2845 papal
1066 2814 1160 2836 reve·
1195 2803 1273 2836 who
1289 2804 1444 2836 annexed
1459 2804 1547 2835 them
1565 2807 1598 2836 to
1614 2804 1670 2836 the
1686 2814 1810 2837 crown.
