2038 3306
521 296 608 338 258
1015 308 1292 341 cunomcon

325 419 490 480 {dgnrfssoti
527 412 574 452 in
592 410 703 465 ipsis
719 409 942 452 hactenus
960 411 1120 462 defuit,
1143 417 1214 454 est
1230 411 1481 454 timendum
1495 424 1558 453 nev
1568 409 1783 464 suppleat

312 470 496 537 Do'cussmt'
527 477 638 519 dicti
667 476 754 518 viri
785 489 906 518 nova
943 477 1272 531 conjecturatio
1301 478 1409 519 novi
1440 477 1614 527 hostis;
1657 476 1780 529 quia,

311 545 417 576 ⁸⁰²²¹¹¹⁸
429 544 504 570 ‘⁰¹²³’
530 542 657 595 regni
670 541 910 583 deficiente
925 542 1156 593 thesauro,
1169 552 1215 584 et
1230 544 1373 596 ipsius
1386 543 1619 584 destructo
1634 554 1782 583 sacer-

311 579 498 668 {33⁹5}ssssss
528 607 670 657 dotio,
691 607 911 649 efficietur
934 620 1042 649 vere
1076 621 1266 661 regnum
1295 608 1592 661 impotentius
1621 613 1781 648 contra

316 645 426 670 Rom
438 644 473 670 se
529 674 696 715 hostes.
770 673 844 715 Ne
865 673 1005 726 igitur
1026 679 1091 723 tu,
1118 673 1228 723 filia,
1252 674 1411 727 tuique
1438 673 1712 721 sacerdotes,
1734 673 1781 712 in

528 739 757 781 miseriam
787 739 1073 790 deducamini
1102 739 1370 792 longiorem,
1398 737 1587 792 expedit
1615 742 1668 778 ut
1697 749 1785 790 pro.

528 810 611 847 tua
630 811 677 846 et
697 817 852 849 eorum
873 805 1038 855 salute,
1058 818 1140 846 rex
1172 809 1279 846 tuus
1301 803 1714 847 christianissimus
1737 806 1784 843 et

529 871 659 924 regni
700 875 930 924 potenteS,
971 871 1049 923 qui
1091 871 1383 924 amplissimis
1426 869 1657 911 beneficiis
1699 880 1783 909 vos

529 936 763 985 dotarunt,
809 937 978 989 quique
1028 950 1110 979 vos
1160 941 1206 978 et
1257 936 1474 978 beneficia
1524 932 1787 989 hujusmodi

529 1001 729 1043 habeant
757 1001 805 1042 in
833 1002 921 1043 hoc
951 1014 1062 1043 casu
1090 1002 1222 1052 tueri,
1246 1002 1465 1043 resistant
1495 1000 1782 1055 conjectura-

531 1068 750 1117 tionibus‚
774 1067 1203 1120 conspirationibus,
1225 1066 1516 1120 arrogantiae,
1530 1078 1780 1120 praesump-

530 1133 646 1174 tioni
666 1137 805 1186 atque
831 1133 1058 1186 superbiae
1078 1133 1189 1175 dicti
1208 1133 1311 1182 viri,
1342 1133 1421 1186 qui
1450 1145 1542 1172 non
1563 1130 1654 1172 Dei
1674 1143 1785 1171 con-

531 1197 845 1251 templatione,
868 1198 947 1240 sed
969 1211 1053 1252 pro
1076 1199 1171 1239 suis
1194 1198 1392 1239 ditandis
1415 1196 1697 1251 parentibus,
1729 1208 1784 1236 ac

530 1275 614 1316 pro
627 1263 735 1304 nido
748 1276 832 1304 suo
845 1264 979 1316 quasi
1002 1263 1157 1317 aquila
1172 1263 1436 1313 exaltando,
1453 1275 1536 1316 per
1547 1261 1786 1316 praemissa

531 1333 578 1370 et
608 1328 700 1369 alia
724 1328 942 1382 imposita
969 1342 1051 1382 per
1088 1329 1296 1378 eundem,
1319 1329 1509 1370 totalem
1529 1327 1782 1382 ,pecuniam

530 1392 837 1447 Anglicanam
857 1407 977 1435 novo
1004 1394 1193 1436 dominii
1222 1407 1388 1448 genere
1411 1406 1656 1447 emungere
1682 1392 1782 1447 jam

528 1459 776 1513 compellit,
792 1473 866 1510 ne,
881 1459 1171 1502 dissimulata
1185 1460 1232 1502 in
1245 1460 1331 1502 hac
1344 1464 1475 1514 parte
1495 1459 1780 1513 simplicitas,

529 1525 660 1578 regni
700 1525 837 1580 hujus
883 1526 1229 1567 subversionem
1269 1525 1429 1568 afferat
1464 1525 1591 1567 velut
1626 1528 1781 1575 tuam;

531 1594 579 1631 et
601 1590 872 1632 adhibeatur
890 1603 994 1632 sero
1022 1591 1207 1633 remedii
1230 1596 1339 1633 tunc
1361 1591 1570 1633 cautela:
1602 1594 1785 1632 avertat

532 1668 695 1709 nempe
733 1656 955 1698 virtutum
988 1657 1212 1699 Dominus
1254 1657 1311 1698 de
1355 1657 1492 1699 corde
1519 1656 1621 1697 ·viri
1660 1655 1783 1697 illlus

531 1721 755 1772 velamen,
778 1722 956 1775 sibique
984 1735 1063 1764 cor
1092 1723 1336 1765 contritum
1367 1728 1415 1764 et
1442 1721 1612 1763 humile
1641 1721 1783 1774 largi-

532 1791 652 1837 atur,
682 1792 728 1829 et
759 1799 1008 1840 agnoscere
1036 1801 1140 1829 eum
1166 1788 1308 1830 faciat
1329 1788 1527 1840 vestigia
1545 1787 1643 1829 veri
1673 1786 1778 1836 Dei,

531 1865 614 1906 per
651 1865 755 1906 quae
789 1865 818 1894 a
847 1852 944 1894 suis
976 1854 1174 1895 tenebris
1209 1857 1413 1902 eruatur,
1443 1858 1490 1894 et
1519 1852 1781 1905 praemissos

530 1918 710 1959 labores
758 1918 968 1960 sinistros
1014 1918 1244 1960 dimittere
1292 1917 1626 1972 compellatum
1676 1930 1782 1958 nec-

531 1996 622 2024 non
652 1987 700 2025 et
728 1983 852 2036 quod
883 1983 1017 2025 vinea
1046 1996 1185 2037 quam
1219 1984 1447 2037 plantavit
1478 1982 1567 2025 Dei
1600 1983 1783 2034 dextra,

530 2061 676 2090 sacrae
735 2048 840 2090 fidei
893 2049 1144 2091 cultoribus
1200 2050 1447 2103 repleatur.
1527 2051 1542 2070 ‘
1564 2048 1791 2090 Animent*

531 2114 649 2156 enim
682 2115 824 2156 verba
854 2114 1044 2156 Domini
1072 2120 1119 2156 et
1145 2115 1387 2169 prophetia
1417 2115 1448 2156 J
1452 2114 1648 2164 eremiae,
1679 2127 1782 2167 quae

531 2179 689 2221 dicunt
703 2179 730 2221 :'
745 2175 757 2199 ¹
796 2183 808 2202 ‘
824 2180 898 2222 Tu
913 2187 1074 2233 pastor
1093 2181 1172 2233 qui
1195 2180 1412 2234 populum
1435 2193 1586 2221 meum
1608 2179 1782 2233 disper·

530 2245 647 2294 sisti,
675 2249 722 2286 et
752 2258 856 2286 eum
887 2245 943 2286 de
973 2245 1331 2287 habitationibus
1360 2245 1552 2300 ejecisti,
1582 2257 1687 2286 ecce
1717 2246 1786 2300 vi-

528 2310 678 2352 sitabo
721 2323 860 2364 super
898 2315 944 2353 te
983 2315 1167 2352 tuorum
1207 2311 1427 2353 malitiam
1472 2309 1787 2361 studiorum‚’²

529 2379 543 2397 ‘
558 2389 641 2417 nec
665 2376 751 2417 erit
763 2376 833 2418 vir
848 2376 926 2430 qui
941 2389 1080 2430 super
1097 2376 1261 2418 solium
1279 2377 1433 2418 David
1452 2376 1508 2417 de
1522 2381 1602 2417 tuo
1615 2376 1784 2418 semine

530 2441 705 2491 sedeat,
736 2454 819 2483 nec
850 2441 928 2494 qui
951 2442 997 2484 in
1023 2441 1053 2483 J
1058 2442 1190 2483 udaea
1223 2442 1346 2484 ultra
1374 2442 1544 2483 habeat
1577 2446 1779 2495 potesta—

529 2505 679 2548 tem.'³
726 2507 833 2548 Fiat
850 2506 984 2548 nidus
1007 2511 1114 2548 tuus
1136 2507 1361 2558 desertus,
1378 2511 1424 2548 et
1444 2507 1564 2548 sicut
1582 2506 1783 2548 Sodoma

576 2656 584 2675 ¹
609 2655 870 2687 ‘Animadverte
911 2655 999 2687 enim
1037 2655 1139 2686 verba

526 2701 664 2731 Domini
689 2703 723 2732 et
747 2701 955 2740 prophetiam
979 2701 1138 2733 Jeremiae
1217 2699 1231 2718 ²
1251 2699 1436 2739 Jermiah,
1451 2699 1549 2730 xxiii.
1566 2703 1598 2731 2.

526 2747 569 2777 ad
593 2746 858 2786 propulsandum
880 2746 1074 2787 hujusmodi
1089 2747 1138 2778 in·
1218 2742 1232 2765 ³
1253 2744 1438 2784 Jeremiah,
1453 2744 1537 2777 xxii.
1554 2747 1608 2778 30.

525 2791 656 2832 choata,
672 2802 749 2832 quae
765 2793 906 2832 dicunt,’
923 2793 1070 2833 Prynne.
