1992 3202
506 269 566 310 30
978 277 1039 307 GH
1049 276 1258 308 RONIGON

308 393 429 451 ξοδ-ια
443 393 467 451 1¹-
507 381 807 436 praenotanda
836 384 943 421 sunt
972 379 1077 421 ista.
1138 378 1276 420 Anno
1301 377 1489 419 Domini
1522 388 1696 418 M.ccm.
1718 383 1765 419 et

291 427 472 511 &ng-¹⁰²2&
508 447 637 500 regni
686 447 807 499 regis
859 445 1051 486 Hem-ici
1103 445 1249 498 patris
1308 442 1523 484 Edwardi
1583 454 1763 484 xxxvi.

291 519 432 544 Scotum!-
506 511 773 554 Alexander
804 524 884 552 rex
915 510 1084 551 Scotiae
1116 510 1432 563 Margaretam
1471 508 1610 550 filiam
1646 509 1766 561 regis

506 578 699 619 Henrici
744 576 878 616 duxit
923 576 970 616 in
1008 587 1201 616 uxorem
1243 574 1524 623 solemniter,
1561 586 1763 616 sororem

504 642 680 685 scilicet
729 640 960 691 Edwardi,
997 640 1210 694 factaque
1250 644 1322 682 est
1355 640 1458 693 ipsa
1498 640 1767 681 solemnitas

503 707 624 761 apud
669 707 870 748 Eborum
916 706 964 747 in
1020 706 1137 747 festo
1180 705 1454 748 Nativitatis
1494 704 1762 747 Dominicae.

505 773 732 814 Processu
753 785 863 814 vero
884 772 1104 826 temporis
1130 771 1390 824 procreavit
1417 771 1537 812 idem
1560 770 1766 812 Alexan-

503 839 584 880 der
629 851 686 879 ex
737 851 882 879 uxore
917 850 1003 879 sua
1040 837 1261 891 praedicta
1309 835 1484 877 filium¹
1523 842 1570 878 et
1608 836 1764 887 filiam,

504 904 646 945 filium
698 902 881 956 quidem
930 907 1121 956 paterno
1164 902 1346 944 nomine
1392 902 1675 943 nominatum
1718 907 1766 944 et

507 969 644 1011 filiam
684 974 889 1011 materno
925 969 1107 1010 nomine
1144 969 1449 1020 nominatam;
1491 968 1613 1008 filius
1655 981 1764 1010 vero

503 1035 550 1075 in
579 1034 738 1076 adulta
759 1039 895 1075 aetate
918 1035 965 1075 in
987 1034 1083 1075 vita
1108 1034 1252 1087 ipsius
1279 1034 1424 1087 patris
1466 1034 1763 1075 immaturata

504 1106 650 1141 morte
674 1105 934 1153 praeventus
956 1099 1179 1147 decessit;
1219 1099 1313 1140 filia
1337 1099 1520 1153 quidem
1545 1112 1763 1152 processu

504 1166 723 1219 temporis
751 1166 847 1218 regi
882 1164 1142 1218 Norwegiae
1171 1165 1220 1205 in
1251 1177 1444 1206 uxorem
1475 1164 1646 1206 tradita
1678 1169 1764 1206 est.

504 1230 693 1272 Mortua
724 1231 907 1271 tandem
941 1230 1100 1283 regina
1129 1230 1296 1271 Scotiae
1333 1230 1616 1282 Margareta,
1644 1230 1764 1271 idem

503 1308 587 1336 rex
624 1308 790 1336 novam
827 1296 913 1336 sibi
953 1299 1142 1348 nuptam
1186 1295 1476 1336 matrimonio
1511 1295 1764 1348 copulavit,

503 1361 643 1402 filiam
666 1361 840 1402 scilicet
865 1360 1043 1402 comitis
1061 1361 1317 1412 Flandriae3
1339 1373 1430 1402 non
1451 1365 1604 1402 tamen
1627 1374 1686 1403 ex
1707 1374 1764 1402 ea

503 1427 706 1480 suscepit
726 1427 943 1468 sobolem.
1006 1426 1096 1468 Sed
1125 1439 1229 1467 cum
1255 1426 1355 1480 jam
1386 1427 1520 1467 annis
1539 1427 1696 1469 multis
1715 1428 1762 1468 in

502 1492 648 1534 multa
683 1492 839 1534 mundi
873 1492 1174 1546 prosperitate
1204 1497 1458 1544 regnasset,
1488 1493 1640 1543 nescio
1670 1505 1762 1545 quo

502 1558 686 1598 tandem
710 1558 875 1599 ductus
896 1558 1075 1610 spiritu,
1103 1563 1235 1599 nocte
1269 1557 1465 1611 quadam
1489 1563 1536 1599 et
1567 1559 1762 1599 obscura

501 1623 635 1664 valde
674 1636 841 1665 novam
873 1636 1003 1664 suam
1039 1636 1270 1676 sponsam,
1311 1624 1370 1665 ab
1406 1637 1460 1665 eo
1498 1632 1580 1677 per
1611 1636 1761 1677 pauca

501 1689 698 1730 miliaria
747 1689 1008 1738 distantem,
1055 1689 1253 1730 invisere
1302 1689 1583 1742 properavit,
1628 1702 1761 1731 sacro

501 1754 684 1807 quidem
718 1760 764 1796 et
796 1754 1181 1807 quadragesimali
1211 1760 1444 1808 tempore3
1488 1767 1683 1808 cumque
1713 1756 1761 1797 iu

499 1820 727 1872 profundo
744 1820 892 1861 noctis
911 1825 1113 1873 tempore
1136 1833 1240 1861 cum
1270 1821 1429 1873 paucis
1462 1820 1762 1862 familiaribus

499 1886 596 1926 suis
611 1886 894 1939 graderetur,
911 1886 1119 1938 contigit,
1134 1899 1252 1939 equo
1270 1886 1541 1939 cespitante‚
1558 1899 1760 1931 assesso-‚

501 1963 595 1992 rem
617 1951 798 2004 quidem
819 1952 865 1992 in
886 1955 1053 1992 terram
1085 1951 1227 2000 allidi,
1252 1957 1298 1992 et
1322 1951 1482 2001 fracto,
1505 1957 1558 1993 ut
1579 1951 1760 2003 dicitur,

284 2023 444 2081 Xfssssssn‘ff..
501 2016 634 2065 collo,
656 2017 874 2057 continuo
896 2017 1143 2070 expiravit.
1213 2016 1319 2068 Quo
1343 2023 1524 2058 mortuo
1542 2022 1589 2059 et
1609 2018 1763 2071 sepul-

283 2090 450 2120 111-(¹2⁸⁶-)
500 2086 616 2122 turae
648 2082 834 2131 tradito,
863 2095 967 2123 cum
995 2082 1051 2123 de
1080 2083 1370 2123 successione
1396 2082 1524 2135 regni
1545 2085 1759 2124 conveni-

500 2152 641 2197 retur,
666 2160 755 2188 non
779 2148 995 2200 apparuit
1016 2147 1160 2188 haeres
1182 2148 1434 2200 proximior
1457 2148 1662 2201 puellula
1681 2149 1762 2190 illa

500 2212 594 2252 filia
633 2212 754 2265 regis
796 2212 1076 2264 Norwegiae,
1106 2226 1243 2266 quam
1276 2226 1335 2254 ex
1366 2226 1510 2254 uxore
1544 2226 1630 2255 sua
1665 2215 1759 2261 filia

500 2277 704 2330 praedicti
725 2277 846 2330 regis
868 2278 1034 2319 Scotiae
1056 2283 1378 2331 procreaverat
1396 2279 1539 2320 solam
1559 2293 1569 2320 :
1603 2293 1759 2322 verum

500 2343 609 2396 quia
622 2347 761 2396 nepta
776 2347 788 2364 ‘
803 2343 900 2384 sive
911 2342 939 2364 ’2
956 2349 1155 2397 cognata
1172 2350 1273 2385 erat
1287 2345 1410 2397 regis
1429 2345 1661 2395 Edwardi,
1677 2347 1760 2387 mi-

501 2414 659 2449 serunt
679 2408 738 2449 ad
760 2421 863 2450 eum
885 2409 932 2450 in
955 2409 1253 2459 Vasconiam,
1277 2422 1332 2451 eo
1364 2410 1486 2462 quod
1513 2414 1623 2451 tunc
1645 2415 1760 2452 tem-

502 2475 625 2526 poris
644 2487 816 2515 moram
829 2475 994 2516 ibidem
1011 2475 1208 2517 faciebat
1221 2475 1504 2524 triennalem,
1520 2482 1761 2528 magnates

503 2540 631 2591 regni
654 2540 836 2590 Scotiae,
859 2541 1004 2594 ipsius
1025 2541 1264 2582 consilium
1294 2545 1433 2594 atque
1456 2540 1660 2583 favorem
1680 2555 1761 2584 ex-

551 2658 559 2676 ¹
583 2660 776 2692 Alexander
798 2662 866 2693 had
887 2663 932 2701 by
953 2662 1020 2693 this
1035 2662 1116 2702 lady

503 2709 570 2736 two
594 2716 683 2746 sons,
699 2708 892 2740 Alexander
906 2709 973 2740 and
989 2708 1117 2749 David,
1197 2705 1210 2724 ²
1232 2707 1242 2724 ‘
1255 2707 1342 2746 sua,'
1359 2707 1435 2740 MS.
1452 2708 1543 2741 Cott.
1559 2709 1635 2740 Tib.

504 2751 580 2782 who
595 2752 673 2783 died
690 2764 812 2793 young.
