2038 3306
565 309 650 351 112
1055 317 1333 350 cunomcon

373 437 490 464 mma
504 437 527 463 1.
566 422 763 464 Edward
787 426 833 463 et
857 434 884 462 a
908 434 980 462 ses
1006 420 1172 472 heireZ,
1196 422 1252 464 de
1277 423 1364 474 vie,
1386 428 1432 464 et
1455 423 1511 465 de
1540 424 1754 474 membre,
1778 428 1824 465 et

351 471 537 552 Ltt'sssjfffi'
564 489 620 529 de
648 484 813 529 terrien
840 487 1032 535 honour,
1055 493 1214 529 contre
1236 493 1356 530 totez
1377 495 1510 542 gentz
1532 490 1610 543 qui
1631 496 1822 543 purront

351 560 535 585 Subm¹⁸⁸¹⁰¹¹-
564 555 717 595 vivere
758 565 817 595 ou
840 552 1023 602 murire,
1057 557 1101 593 et
1131 554 1280 607 james
1315 567 1402 607 pur
1436 555 1545 608 nuly
1581 568 1730 596 armez
1766 568 1823 596 ne

562 619 778 672 porterai,
799 631 854 659 ne
876 631 932 659 en
953 617 1122 659 conseil
1141 631 1198 659 ne
1218 631 1274 659 en
1295 620 1409 670 eide,
1430 633 1487 661 ne
1507 621 1649 662 serroi
1665 626 1822 662 contre

562 685 639 732 lui,
673 697 729 725 ne
764 688 976 725 encontre
1012 696 1087 724 sez
1121 683 1269 725 heirez
1303 697 1358 725 en
1389 685 1468 726 nul
1499 698 1577 726 cas
1607 685 1686 739 qui
1717 690 1823 739 poet

562 750 734 799 avenir,
766 755 811 791 et
851 749 1066 791 lealment
1106 750 1385 791 reconustrei
1417 755 1464 792 et
1493 750 1710 792 lealment
1738 751 1821 792 frei

561 816 627 857 les
643 816 839 857 services
859 816 938 869 qui
952 820 1218 869 apertenent
1235 828 1286 857 as
1303 821 1556 857 tenementz
1570 829 1658 869 que
1672 819 1684 838 ‘
1695 816 1774 870 jeo
1786 817 1796 832 ’
1807 815 1820 838 ¹

562 881 720 923 cleime
753 881 872 922 tenir
901 881 957 922 de
993 893 1121 922 vous.
1191 880 1237 922 Si
1276 881 1396 923 Dieu
1434 894 1506 923 me
1542 882 1641 923 eide
1678 888 1725 923 et
1753 882 1821 923 lez

563 947 719 988 seintz.
780 947 851 988 En
872 947 1242 999 tesmoignaunce
1266 947 1348 988 dez
1371 948 1501 1000 quels
1522 947 1684 989 chosez
1707 961 1821 989 nous

563 1024 706 1054 avons
735 1012 799 1054 fet
828 1012 920 1054 fere
953 1017 1100 1054 cestez
1129 1012 1289 1054 lettres
1318 1018 1474 1055 overtz
1505 1013 1560 1054 de
1589 1026 1674 1055 noz
1702 1014 1823 1055 seals

348 1082 501 1141 {313‘23555‘
563 1078 783 1119 ensealez.
846 1078 1004 1119 Donez
1035 1091 1063 1119 a
1094 1077 1241 1120 Werk
1270 1078 1312 1119 le
1335 1079 1524 1120 vintime
1555 1079 1685 1132 quint
1712 1079 1821 1134 jour

563 1143 619 1184 de
641 1144 815 1193 Marce,
835 1143 879 1184 le
906 1156 992 1185 ane
1019 1143 1080 1184 du
1106 1157 1245 1196 regne
1276 1149 1429 1186 nostre
1458 1144 1673 1198 seignour
1692 1145 1735 1186 le
1756 1146 1821 1186 rei

562 1209 876 1262 d'Engleterre
898 1209 1085 1250 vintime
1107 1214 1259 1262 quart.

809 1356 1029 1398 Ordinatio
1049 1357 1172 1413 Reqis
1191 1357 1241 1398 de
1260 1358 1399 1413 Reyno
1418 1357 1574 1399 Scotiae.

348 1490 534 1528 Enaqtments
604 1484 606 1487 ·
632 1473 872 1514 Ordinavit
896 1473 1038 1526 igitur
1060 1486 1143 1514 rex
1166 1473 1213 1514 in
1237 1473 1395 1515 eodem
1416 1473 1716 1526 parliamento
1738 1485 1822 1514 suo

349 1523 523 1580 {affigat
566 1539 621 1580 de
646 1538 871 1592 Berewyk
904 1552 1073 1581 novum
1104 1539 1442 1580 thesaurarium
1469 1539 1597 1591 regni
1621 1538 1822 1588 Scotiae,2

349 1589 528 1647 fflssfflffi’s’
566 1617 734 1646 novum
765 1604 983 1656 sigillum,
1005 1609 1052 1645 et
1076 1618 1244 1645 novum
1268 1604 1606 1645 cancellarium.
1674 1604 1704 1645 J
1710 1604 1823 1645 usti-

350 1654 506 1712 33:23⁰&
563 1669 721 1710 tiarios
760 1682 942 1722 quoque
972 1670 1224 1719 constituit,
1260 1675 1305 1711 et
1336 1671 1559 1725 praecepit
1583 1675 1635 1711 ut
1666 1682 1821 1711 omnes

350 1719 493 1746 ⁸⁰⁰‘¹⁸¹¹‘¹'
565 1735 644 1788 qui
671 1740 815 1775 terras
847 1734 1105 1788 aliquantas
1134 1735 1189 1775 de
1219 1735 1419 1776 dominio
1451 1736 1571 1788 regis
1599 1740 1822 1785 tenerent,

564 1805 855 1850 vocarentur,
880 1800 1233 1854 homagiumque
1251 1799 1470 1851 facerent,
1487 1806 1533 1842 et
1551 1802 1706 1842 caeteri
1725 1814 1820 1842 om-

565 1879 644 1907 nes
672 1871 878 1907 tenentes
906 1866 1087 1906 aliunde
1117 1866 1383 1907 fidelitatem
1407 1867 1634 1921 jurarent,
1668 1880 1824 1919 recog-

565 1937 806 1972 noscentes
834 1944 882 1972 se
912 1944 995 1973 suo
1026 1931 1227 1973 dominio
1252 1937 1424 1973 extunc
1448 1945 1547 1973 esse
1573 1932 1822 1986 subjectos,

565 2002 610 2038 et
655 1997 740 2037 hoc
785 2009 867 2049 per
912 1997 1084 2050 scripta
1130 1997 1415 2050 singulorum
1459 1998 1507 2038 in
1554 2003 1821 2051 perpetuam

563 2062 693 2114 regni
733 2063 971 2115 conquesti
1008 2063 1287 2104 memoriam.
1358 2062 1621 2117 Statuitque
1657 2076 1740 2104 rex
1777 2069 1823 2105 et

562 2127 781 2181 praecepit
818 2132 870 2168 ut
908 2127 1141 2169 Johannes
1181 2128 1411 2181 quondam
1445 2142 1527 2170 rex
1562 2129 1742 2178 Scotiae‚
1779 2134 1826 2170 et

564 2197 755 2246 uterque
795 2193 1029 2234 Johannes
1067 2193 1260 2248 Comyn,
1298 2195 1544 2247 caeterique
1585 2201 1824 2248 magnates

565 2263 697 2299 terrae
737 2258 859 2299 illius
894 2259 968 2300 vel
1006 2259 1052 2299 in
1090 2272 1174 2300 suo
1214 2259 1375 2301 itinere
1411 2260 1484 2301 vel
1523 2260 1685 2301 faciem
1724 2260 1824 2315 ejus

565 2324 870 2376 praecederent
900 2324 958 2365 ad
992 2328 1146 2378 partes
1177 2325 1419 2375 australes,
1446 2331 1824 2380 morarenturque

565 2390 611 2429 in
632 2390 835 2442 partibus
856 2390 1024 2431 eisdem
1046 2390 1168 2431 ultra
1198 2403 1365 2443 aquam
1390 2404 1493 2444 quae
1515 2391 1689 2432 Trenta
1712 2391 1823 2432 dici-

566 2460 655 2502 tur,
679 2468 768 2496 non
796 2460 1078 2497 revertentes
1108 2456 1193 2496 sub
1222 2469 1360 2509 poena
1387 2457 1552 2509 capitis
1578 2469 1821 2510 quousque

564 2520 681 2561 inter
712 2522 863 2574 ipsum
901 2526 947 2563 et
986 2534 1139 2574 regem
1187 2521 1393 2562 Franciae
1432 2522 1614 2562 omnino
1657 2535 1824 2574 guerra

612 2718 619 2736 ¹
644 2720 654 2736 ‘
665 2718 740 2760 me‚'
758 2720 832 2752 MS.
849 2719 938 2752 Cott.
953 2720 1028 2753 Tib.
1202 2719 1384 2759 appointed
1399 2722 1566 2751 treasurer
1585 2728 1627 2750 on
1642 2718 1699 2750 the
1716 2719 1773 2750 eth
1789 2719 1828 2751 of

1202 2765 1407 2805 September.
1431 2766 1509 2799 Rot.
1521 2766 1612 2798 Scot.
1624 2767 1666 2796 24
1680 2765 1778 2798 Edw.
1791 2766 1821 2798 Ι.

609 2810 622 2829 ²
646 2811 751 2851 Hugh
775 2812 817 2843 de
840 2808 1076 2853 Cressingham
1101 2821 1173 2844 was
1202 2822 1246 2843 m.
1260 2814 1292 2844 7.
