2038 3306
299 429 418 455 Edward
431 430 472 457 11.

302 463 337 487 A.
350 463 383 488 1).
398 464 473 489 1308.

286 517 409 548 Sunday,

286 550 351 575 Jan.
365 551 408 575 28.

286 598 333 623 He
345 597 369 623 is

285 631 412 656 crowned
426 633 455 656 at

285 663 451 689 Westmins-

284 698 336 726 ter,

285 729 407 760 sunday,

285 762 352 787 Feb.
365 763 408 787 25.

285 820 314 845 Η
316 820 376 845 olds
390 827 407 845 a

284 853 410 883 Council,

285 886 382 911 March
395 887 420 911 4.

502 303 588 346 270
991 314 1270 346 cunomcon

504 432 711 468 uxorem,
756 418 914 460 eodem
944 419 1118 460 scilicet
1149 432 1271 462 anno
1305 419 1490 462 Domini
1533 432 1759 463 M.cccvn.

503 485 665 539 quinto
699 484 919 526 kalendas
960 484 1211 536 Februarii,
1244 499 1347 539 quae
1383 487 1622 529 Dominica
1661 488 1758 529 dies

502 555 615 592 erat.
672 550 971 603 Reduxitque
991 562 1091 591 eam
1112 550 1160 591 in
1177 550 1426 604 Angliam,¹
1449 557 1496 594 et
1512 559 1757 594 coronatus

502 621 573 657 est
585 615 601 638 ²
622 629 723 656 cum
741 628 796 657 ea
810 615 1061 657 Londoniis
1077 620 1182 670 post
1199 629 1417 666 mensem,
1432 622 1568 659 sexto
1584 619 1757 660 scilicet

501 680 723 722 kalendas
756 681 931 731 Martii,
957 693 1060 734 quae
1093 686 1192 723 erat
1230 682 1488 732 Dominica‚
1523 689 1569 724 et
1591 683 1753 724 festum

502 746 658 788 Sancti
668 746 861 788 Mathiae
878 747 1092 801 apostoli,
1105 747 1370 790 laetantibus
1384 752 1430 789 et
1442 748 1758 790 exultantibus

501 812 682 866 populis
706 812 945 867 utriusque
967 817 1116 854 terrae.
1184 813 1422 866 Factaque
1450 814 1755 863 solemnitate,

500 878 623 919 misit
661 891 744 920 rex
774 878 1066 932 magnatibus
1096 878 1191 920 suis
1222 884 1274 920 ut
1303 879 1596 920 convenirent
1634 881 1755 933 apud

500 943 973 993 westmonasterium,
1026 945 1271 986 tractaturi
1316 949 1362 986 et
1406 945 1661 986 ordinaturi
1710 946 1755 986 in

499 1009 646 1050 tribus
668 1009 888 1060 articulis,
903 1010 960 1051 de
980 1014 1105 1051 statu
1126 1010 1301 1052 scilicet
1321 1010 1542 1061 ecclesiae,
1558 1023 1662 1064 quae
1685 1025 1755 1052 re-

500 1076 687 1116 troactis
713 1076 994 1129 temporibus
1017 1075 1166 1116 iverat
1188 1075 1235 1116 in
1260 1075 1515 1127 declivum3
1549 1076 1605 1117 de
1629 1081 1754 1117 statu

499 1152 680 1181 coronae
696 1154 833 1194 quam
847 1141 903 1181 de
917 1153 1037 1182 novo
1057 1146 1332 1194 sumpserat,
1348 1141 1576 1194 quomodo
1595 1154 1754 1182 secun—

498 1204 606 1246 dum
625 1206 776 1247 Deum
801 1211 848 1247 et
861 1206 1093 1260 justitiam
1114 1206 1299 1247 deberet
1322 1206 1567 1259 gubernari
1585 1219 1596 1257 ;
1633 1213 1678 1248 et
1698 1207 1754 1247 de

497 1283 610 1323 pace
628 1276 779 1321 terrae,
801 1271 1028 1324 quomodo
1047 1271 1232 1312 deberet
1252 1271 1299 1312 in
1319 1271 1490 1325 populo
1506 1272 1753 1314 observari.

498 1335 680 1386 Quibus
703 1336 889 1387 auditis,
913 1337 1149 1390 respondit
1177 1337 1254 1378 ille
1287 1337 1451 1378 nobilis
1473 1338 1752 1388 consiliator,

497 1413 649 1442 comes
687 1402 954 1451 Lincolniae‚
991 1403 1071 1455 qui
1108 1415 1209 1444 esse
1241 1406 1254 1425 ‘
1271 1403 1449 1444 solebat
1467 1403 1478 1419 '
1497 1401 1513 1425 ³
1542 1403 1754 1457 capitalis

497 1467 784 1509 consiliarius
835 1468 956 1521 regis
1007 1468 1189 1518 mortui,
1250 1471 1279 1492 “
1296 1468 1571 1510 Benedictus
1625 1469 1753 1510 Deus

496 1532 713 1586 optimus,
747 1534 825 1587 qui
863 1538 968 1587 post
1011 1546 1165 1586 regem
1205 1526 1591 1588 sapientissimum
1631 1535 1756 1576 dedit

496 1598 627 1639 nobis
645 1599 918 1652 principium
939 1599 1047 1640 boni
1061 1599 1207 1651 regis3
1240 1605 1286 1641 et
1306 1599 1409 1653 quis
1428 1604 1498 1640 est
1512 1601 1654 1653 quiin
1674 1600 1756 1641 tali

497 1664 713 1705 mandato
740 1677 831 1705 non
862 1664 1088 1705 delectet?
1120 1669 1241 1706 certe
1277 1665 1324 1705 in
1355 1665 1525 1706 talibus
1554 1665 1763 1718 gaudere

496 1728 727 1780 debemuS,
749 1734 796 1771 et
819 1729 876 1770 ad
900 1729 1248 1783 completionem
1271 1730 1463 1772 istorum
1485 1731 1621 1772 trium
1645 1732 1754 1772 arti-

495 1794 702 1836 culorum
718 1799 816 1837 tota
828 1796 993 1836 mentis
1008 1796 1258 1837 intentione
1271 1788 1754 1849 insisterevvigilanter.

499 1859 636 1901 Nunc
656 1866 810 1902 autem
836 1861 875 1902 si
906 1861 1132 1914 placuerit
1155 1861 1275 1914 quod
1304 1862 1620 1915 respondeam,
1641 1858 1753 1915 rogo

496 1929 549 1966 ut
589 1925 826 1968 eleventur
855 1939 1018 1968 manus
1051 1926 1109 1967 ad
1142 1925 1294 1967 Deum
1332 1928 1389 1968 ab
1425 1926 1509 1968 hiis
1546 1928 1755 1969 omnibus

496 1990 662 2044 quibus
678 2004 781 2033 mea
792 1992 1028 2045 responsio
1044 1992 1332 2034 rationabilis
1349 1992 1573 2034 videatur.
1635 1993 1754 2034 Ecce

495 2055 718 2098 carissimi
748 2057 852 2107 mei,
874 2058 914 2098 si
942 2057 1151 2099 laborare
1175 2058 1391 2099 debemus
1415 2063 1462 2100 et
1490 2058 1562 2100 hic
1597 2071 1752 2112 sump-

497 2126 629 2163 tuose
653 2123 838 2173 morari,
860 2123 1048 2176 expedit
1078 2128 1129 2164 ut
1159 2124 1290 2164 labor
1319 2128 1475 2165 noster
1494 2124 1560 2165 sic
1580 2124 1751 2165 fructu-

495 2199 602 2228 osus
626 2188 687 2229 sit
716 2193 767 2229 ut
796 2189 1107 2242 permaneat.”
1177 2188 1236 2230 Et
1266 2189 1468 2242 dirigens
1494 2190 1671 2231 vultum
1694 2190 1750 2231 ad

495 2253 701 2303 nuncios,
739 2254 832 2296 ait:
870 2257 899 2276 “
920 2254 1058 2296 Nunc
1096 2259 1250 2296 autem
1284 2255 1483 2308 petimus
1518 2256 1640 2308 quod
1671 2256 1752 2299 do-¹

496 2318 642 2360 minus
664 2324 820 2361 noster
840 2333 922 2361 rex
946 2319 1117 2374 scripto
1139 2320 1375 2362 confirmet
1399 2321 1520 2373 quod
1541 2333 1600 2361 ex
1623 2326 1753 2374 parte

494 2384 637 2436 ipsius
660 2398 737 2426 ore
760 2385 1033 2438 protulistis,
1056 2399 1105 2427 se
1135 2385 1309 2426 scilicet
1337 2391 1489 2427 ratum
1516 2386 1684 2427 habere
1708 2393 1752 2428 et

493 2449 670 2491 firmum
684 2451 899 2504 quicquid
921 2451 967 2491 in
983 2451 1246 2504 praemissis,
1265 2451 1517 2504 inspirante
1537 2452 1752 2501 Domino,

540 2574 550 2595 ¹
566 2577 660 2616 They
676 2576 801 2608 lauded
816 2579 852 2607 at
867 2577 993 2616 Dover,
1009 2576 1111 2607 Wed-
1144 2576 1200 2607 the
1215 2576 1405 2607 coronation
1419 2576 1509 2616 cath,
1524 2576 1635 2607 which
1658 2577 1756 2609 latter

493 2623 631 2662 nesday,
655 2623 826 2662 February
850 2625 882 2654 7.
932 2623 1008 2654 Rot.
1035 2622 1109 2653 Fin.
1144 2622 1323 2653 document
1341 2623 1455 2653 merits
1478 2623 1630 2661 peculiar
1651 2626 1757 2654 atten-

496 2671 510 2698 1
531 2669 629 2700 Edw.
645 2668 695 2700 ΙΙ.
711 2678 755 2699 m.
772 2671 804 2701 9.
1143 2669 1224 2707 tion,
1240 2668 1340 2707 being
1354 2668 1409 2699 the
1431 2668 1566 2699 earliest
1585 2670 1756 2708 specimen

540 2712 553 2731 ²
574 2714 645 2745 The
671 2715 864 2745 coronation
893 2714 954 2744 roll
979 2714 1017 2744 of
1042 2714 1109 2745 this
1143 2714 1180 2744 of
1190 2713 1245 2744 the
1261 2714 1343 2744 kind
1360 2723 1412 2744 we
1427 2723 1572 2753 possess.

496 2759 588 2798 King
610 2760 639 2790 is
662 2760 794 2798 printed
818 2761 851 2790 in
876 2760 1013 2799 Rymer,
1030 2760 1107 2790 Foe-
1187 2757 1201 2777 ³
1224 2759 1436 2798 ‘scribebat,'
1460 2759 1558 2791 MSS.
1583 2760 1624 2792 C.
1649 2760 1689 2793 C.
1713 2761 1752 2792 C.

494 2805 587 2843 dera,
604 2805 638 2835 ii.
658 2807 698 2835 33
713 2808 745 2835 et
760 2815 836 2845 seq„
858 2805 1009 2844 together
1023 2805 1105 2836 with
1143 2805 1240 2837 Cant.
1259 2807 1333 2845 100,
1349 2806 1415 2836 and
1432 2804 1518 2837 Con.
1533 2806 1626 2838 Trin.
