2038 3306
537 295 624 338 318
1034 306 1094 337 cn
1101 305 1308 336 nomem-1

326 422 522 481 Esswss‘ffsffl·
541 407 689 450 eidem
725 405 910 455 Carolo,
941 409 1146 460 tempore
1175 407 1334 448 mortis
1365 418 1479 456 suae,
1514 419 1572 448 ex
1610 406 1798 448 descen·

324 473 464 538 Lessm‘of
504 472 513 482 ⁹
541 473 755 516 dentibus
797 484 953 513 secum
997 471 1056 512 ab
1102 470 1261 513 eodem
1307 471 1522 526 Philippo
1569 472 1799 514 masculus

326 545 403 604 ἓξὲξ
414 544 504 602 git-he
542 543 776 592 superstes
808 537 1061 591 proximior
1090 536 1228 578 fuerit
1263 537 1417 579 nullus
1452 539 1598 588 nobis,
1624 543 1671 580 et
1694 552 1797 592 per-

326 611 480 673 ggffiggg,
542 618 657 647 sona
676 603 871 645 feminea
893 603 1004 645 dicti
1032 602 1176 656 regni,
1197 615 1279 656 per
1295 602 1376 656 jus
1399 603 1446 643 in
1470 603 1628 644 eodem
1653 617 1797 657 regno

327 675 518 735 ffifflges‘t’g‘h
544 675 776 712 servatum
812 670 1082 723 antiquitus,
1126 669 1186 709 sit
1218 681 1310 710 non
1349 680 1517 721 capax,
1560 669 1680 722 quod
1716 683 1798 711 nos

326 741 528 802 ‘ffissssgf‘nw‘
536 737 616 791 jus
643 736 773 789 regni
804 735 987 789 praefati
1022 734 1227 776 favorem
1255 734 1299 774 in
1322 734 1445 776 viam
1476 746 1628 775 causae
1648 734 1797 776 finalis

544 802 802 851 attendenS,
826 815 882 843 ne
913 813 1102 854 regnum
1129 801 1280 854 ipsum
1309 801 1395 841 sub
1424 798 1618 841 feminea
1646 799 1799 853 fragili

542 868 872 922 gubernatione
914 867 1112 916 labatur,
1142 870 1188 907 et
1218 870 1405 920 propter
1436 865 1522 907 hoc
1558 878 1799 919 personam

545 934 746 976 mulieris
771 933 1036 982 excludens,
1060 945 1151 973 non
1176 931 1380 973 excludit
1410 944 1650 985 personam
1679 944 1800 973 mas-

541 1001 633 1041 culi
674 1013 756 1054 per
803 999 869 1040 sic
915 998 1150 1040 exclusam
1197 997 1410 1038 feminam
1469 997 1798 1047 descendentis,

541 1080 598 1108 ne
615 1066 694 1107 fiat
702 1065 884 1120 juribus
904 1076 1084 1117 semper
1098 1063 1278 1104 odibilis
1293 1062 1557 1116 prorogatio
1576 1063 1799 1113 odiorum,

541 1144 750 1187 personae
773 1130 984 1172 videlicet
1010 1129 1068 1170 ad
1100 1141 1357 1182 personam,
1378 1141 1518 1169 sexus
1541 1128 1598 1170 ad
1620 1141 1797 1178 sexum,

542 1210 695 1239 causae
724 1196 783 1237 ad
815 1207 1016 1244 causam,
1036 1194 1129 1236 odii
1156 1194 1212 1234 ad
1243 1193 1462 1243 favorem,
1484 1206 1615 1243 neve,
1639 1199 1800 1235 contra

541 1262 695 1315 legum
734 1261 1005 1303 traditiones
1041 1271 1319 1309 communes,
1357 1258 1601 1300 femineum
1636 1272 1798 1312 genus,

542 1329 620 1370 ubi
643 1327 843 1368 maxime
867 1326 923 1367 de
947 1326 1051 1367 odio
1080 1325 1249 1378 agitur,
1273 1325 1501 1378 concipiat
1531 1325 1798 1367 masculum.

542 1393 618 1449 Ad
663 1393 763 1434 haec
802 1392 938 1434 etiam
984 1405 1066 1445 per
1111 1391 1191 1445 jus
1244 1394 1541 1432 memoratum
1590 1403 1618 1431 a
1660 1405 1800 1444 regno

542 1459 768 1514 fragilitas
791 1458 1022 1499 muliebris
1047 1456 1320 1506 excluditur,
1341 1463 1393 1498 ut
1410 1469 1550 1509 regno
1571 1457 1800 1498 salubrius

544 1526 825 1574 consulatur,
846 1528 892 1566 et
925 1524 1178 1577 proximior
1209 1522 1440 1564 masculus
1476 1523 1801 1572 admittendus,

545 1592 660 1633 alias
715 1591 982 1632 admittatur
1030 1588 1265 1642 potissime
1310 1588 1366 1628 ad
1404 1588 1483 1642 jus
1524 1588 1636 1629 illud
1679 1589 1801 1641 quod

543 1656 896 1710 primordialiter
942 1668 970 1696 a
1014 1659 1161 1695 matre
1190 1654 1255 1694 sic
1293 1654 1481 1695 exclusa
1519 1667 1609 1695 non
1642 1655 1802 1705 oritur,

545 1722 625 1764 sed
656 1723 702 1763 in
729 1726 941 1775 nepotem
974 1724 1279 1773 propagatum
1312 1720 1370 1760 ab
1407 1732 1494 1760 avo
1521 1720 1803 1773 originaliter

547 1787 795 1830 derivatur.
838 1785 1060 1839 Alioquin
1081 1790 1349 1838 sequeretur
1369 1792 1415 1826 et
1435 1786 1526 1826 alia
1547 1786 1803 1840 iniquitatis

545 1853 804 1895 absurditas
844 1866 925 1906 per
964 1851 1333 1905 prorogationem
1378 1850 1590 1892 odibilem
1641 1865 1802 1905 supra-

546 1919 731 1968 dictam,
748 1919 867 1972 quod
886 1917 1208 1959 excluderetur
1220 1916 1496 1958 collateralis
1519 1917 1805 1971 conjunctior

548 1990 598 2026 ut
644 1985 859 2026 remotior
897 1987 1153 2032 vocaretur,
1196 1995 1295 2023 cum
1350 1987 1518 2031 tamen,
1561 1983 1662 2036 ipso
1700 1983 1805 2037 jure

549 2051 753 2104 gentium
794 2049 1010 2096 naturali,
1054 2048 1219 2089 fratres
1254 2053 1300 2089 et
1341 2061 1520 2089 sorores
1558 2061 1805 2102 eorumque

549 2117 631 2158 filii
676 2117 723 2157 in
777 2115 1065 2157 successione
1116 2118 1274 2155 mutua
1316 2113 1655 2155 collateralibus
1705 2114 1807 2156 aliis

550 2183 741 2224 alterius
762 2182 893 2223 lineae
914 2181 1229 2235 praeferantur.
1301 2180 1361 2221 Et
1385 2180 1505 2221 unde
1537 2180 1709 2221 dictum
1726 2180 1805 2234 jus

550 2262 635 2301 pro
666 2249 798 2301 regni
827 2248 986 2289 favore
1025 2259 1078 2287 ac
1117 2246 1232 2287 odiis
1268 2246 1474 2286 femineae
1504 2245 1805 2303 inhabilitatis

551 2314 608 2355 ad
630 2314 877 2367 regendum
900 2312 1108 2354 exoritur
1126 2317 1218 2353 tam
1234 2311 1354 2365 juris
1368 2324 1505 2364 quam
1527 2312 1804 2353 descenden-

551 2380 682 2430 tium,
707 2385 718 2402 ‘
737 2393 819 2434 per
836 2378 870 2400 '¹
894 2379 1129 2419 femineam
1162 2377 1468 2418 masculorum
1498 2377 1710 2432 injuriam
1733 2391 1809 2419 oc—

551 2446 676 2487 casio
695 2450 975 2487 nasceretur.
1010 2443 1055 2485 N
1059 2456 1109 2484 ec
1127 2448 1197 2484 est
1218 2443 1421 2496 putanda
1439 2444 1678 2484 memorati
1687 2443 1806 2496 juris

551 2511 744 2554 intentio
785 2512 850 2552 sic
879 2510 1037 2563 iniqua
1071 2514 1122 2550 ut
1152 2515 1341 2549 matrem
1374 2514 1421 2550 et
1455 2508 1597 2549 filium
1633 2509 1809 2550 ratione

553 2578 782 2619 contraria
840 2576 1049 2617 similiter
1093 2574 1292 2615 damnet.
1384 2574 1531 2615 Immo
1582 2587 1606 2615 e
1651 2580 1810 2615 contra

545 2644 664 2698 juris
704 2642 905 2698 ejusdem
939 2641 1114 2695 judicio
1153 2653 1243 2693 quo
1279 2644 1425 2680 mater
1460 2652 1488 2680 a
1523 2641 1810 2681 successione

951 2785 958 2803 ¹
985 2788 994 2804 ‘
1008 2797 1048 2817 ne
1064 2786 1146 2826 per‚’
1163 2785 1404 2825 Walsingham.
