<?xml version="1.0" encoding="UTF-8"?>
<!DOCTYPE html PUBLIC "-//W3C//DTD XHTML 1.0 Transitional//EN"
    "http://www.w3.org/TR/xhtml1/DTD/xhtml1-transitional.dtd">
<html xmlns="http://www.w3.org/1999/xhtml" xml:lang="en" lang="en">
 <head>
  <title>
</title>
<meta http-equiv="Content-Type" content="text/html;charset=utf-8" />
  <meta name='ocr-system' content='tesseract 3.04.00' />
  <meta name='ocr-capabilities' content='ocr_page ocr_carea ocr_par ocr_line ocrx_word'/>
</head>
<body>
  <div class='ocr_page' id='page_1' title='image "./chronicondominiw02hemiuoft/chronicondominiw02hemiuoft_0195.png"; bbox 0 0 2038 3306; ppageno 0'>
   <div class='ocr_carea' id='block_1_1' title="bbox 522 311 1515 355">
    <p class='ocr_par' dir='ltr' id='par_1_1' title="bbox 522 311 1515 355">
     <span class='ocr_line' id='line_1_1' title="bbox 522 311 1515 355; baseline -0.001 -1"><span class='ocrx_word' id='word_1_1' title='bbox 522 323 749 354; x_wconf 77' lang='lat' dir='ltr'>WALTERI</span> <span class='ocrx_word' id='word_1_2' title='bbox 781 323 844 353; x_wconf 85' lang='lat' dir='ltr'>DE</span> <span class='ocrx_word' id='word_1_3' title='bbox 874 323 1249 355; x_wconf 80' lang='lat' dir='ltr'>HEMINGBURGH.</span> <span class='ocrx_word' id='word_1_4' title='bbox 1431 311 1515 353; x_wconf 83' lang='lat'>181</span> 
     </span>
    </p>
   </div>
   <div class='ocr_carea' id='block_1_2' title="bbox 252 425 1516 679">
    <p class='ocr_par' dir='ltr' id='par_1_2' title="bbox 252 425 1516 679">
     <span class='ocr_line' id='line_1_2' title="bbox 252 425 1513 480; baseline 0.002 -14"><span class='ocrx_word' id='word_1_5' title='bbox 252 425 408 467; x_wconf 89' lang='lat' dir='ltr'>millia.</span> <span class='ocrx_word' id='word_1_6' title='bbox 464 426 764 480; x_wconf 85' lang='lat' dir='ltr'>Salvavitque</span> <span class='ocrx_word' id='word_1_7' title='bbox 786 427 1014 468; x_wconf 90' lang='lat' dir='ltr'>Dominus</span> <span class='ocrx_word' id='word_1_8' title='bbox 1031 432 1228 476; x_wconf 91' lang='lat' dir='ltr'>nostros,</span> <span class='ocrx_word' id='word_1_9' title='bbox 1245 439 1328 468; x_wconf 89' lang='lat' dir='ltr'>nec</span> <span class='ocrx_word' id='word_1_10' title='bbox 1351 426 1513 468; x_wconf 89' lang='lat' dir='ltr'>cecidit</span> 
     </span>
     <span class='ocr_line' id='line_1_3' title="bbox 252 491 1516 547; baseline 0.001 -16"><span class='ocrx_word' id='word_1_11' title='bbox 252 491 388 533; x_wconf 89' lang='lat' dir='ltr'>homo</span> <span class='ocrx_word' id='word_1_12' title='bbox 414 492 582 534; x_wconf 90' lang='lat' dir='ltr'>valoris</span> <span class='ocrx_word' id='word_1_13' title='bbox 610 493 656 533; x_wconf 91' lang='lat' dir='ltr'>in</span> <span class='ocrx_word' id='word_1_14' title='bbox 687 493 811 534; x_wconf 90' lang='lat' dir='ltr'>omni</span> <span class='ocrx_word' id='word_1_15' title='bbox 847 494 1011 547; x_wconf 92' lang='lat' dir='ltr'>proelio</span> <span class='ocrx_word' id='word_1_16' title='bbox 1034 494 1120 534; x_wconf 92' lang='lat' dir='ltr'>nisi</span> <span class='ocrx_word' id='word_1_17' title='bbox 1143 494 1270 535; x_wconf 91' lang='lat' dir='ltr'>solus</span> <span class='ocrx_word' id='word_1_18' title='bbox 1295 493 1516 546; x_wconf 84' lang='lat' dir='ltr'>magister</span> 
     </span>
     <span class='ocr_line' id='line_1_4' title="bbox 253 557 1514 613; baseline 0.002 -15"><span class='ocrx_word' id='word_1_19' title='bbox 253 558 428 599; x_wconf 84' lang='lat' dir='ltr'>militiae</span> <span class='ocrx_word' id='word_1_20' title='bbox 442 557 657 612; x_wconf 77' lang='lat' dir='ltr'>Templi,l</span> <span class='ocrx_word' id='word_1_21' title='bbox 680 560 758 613; x_wconf 90' lang='lat' dir='ltr'>qui</span> <span class='ocrx_word' id='word_1_22' title='bbox 778 560 823 600; x_wconf 92' lang='lat' dir='ltr'>in</span> <span class='ocrx_word' id='word_1_23' title='bbox 838 560 1069 613; x_wconf 92' lang='lat' dir='ltr'>sequendo</span> <span class='ocrx_word' id='word_1_24' title='bbox 1091 559 1317 612; x_wconf 84' lang='lat' dir='ltr'>fugientes</span> <span class='ocrx_word' id='word_1_25' title='bbox 1338 559 1385 600; x_wconf 89' lang='lat' dir='ltr'>in</span> <span class='ocrx_word' id='word_1_26' title='bbox 1401 571 1514 613; x_wconf 90' lang='lat' dir='ltr'>quo-</span> 
     </span>
     <span class='ocr_line' id='line_1_5' title="bbox 252 623 1162 679; baseline 0.003 -15"><span class='ocrx_word' id='word_1_27' title='bbox 252 623 357 665; x_wconf 88' lang='lat' dir='ltr'>dam</span> <span class='ocrx_word' id='word_1_28' title='bbox 380 623 485 666; x_wconf 90' lang='lat' dir='ltr'>lacu</span> <span class='ocrx_word' id='word_1_29' title='bbox 503 624 784 679; x_wconf 87' lang='lat' dir='ltr'>interceptus</span> <span class='ocrx_word' id='word_1_30' title='bbox 807 631 877 667; x_wconf 86' lang='lat' dir='ltr'>est</span> <span class='ocrx_word' id='word_1_31' title='bbox 901 630 947 667; x_wconf 89' lang='lat' dir='ltr'>et</span> <span class='ocrx_word' id='word_1_32' title='bbox 968 626 1162 667; x_wconf 91' lang='lat' dir='ltr'>occisus.</span> 
     </span>
    </p>
   </div>
   <div class='ocr_carea' id='block_1_3' title="bbox 336 767 1429 876">
    <p class='ocr_par' dir='ltr' id='par_1_3' title="bbox 336 767 1429 876">
     <span class='ocr_line' id='line_1_6' title="bbox 336 767 1429 826; baseline 0.002 -17"><span class='ocrx_word' id='word_1_33' title='bbox 336 771 347 789; x_wconf 93' lang='lat'>‘</span> <span class='ocrx_word' id='word_1_34' title='bbox 363 767 454 809; x_wconf 69' lang='lat' dir='ltr'>Rex</span> <span class='ocrx_word' id='word_1_35' title='bbox 473 767 587 809; x_wconf 76' lang='lat' dir='ltr'>dedit</span> <span class='ocrx_word' id='word_1_36' title='bbox 614 768 766 810; x_wconf 79' lang='lat' dir='ltr'>Terras</span> <span class='ocrx_word' id='word_1_37' title='bbox 788 768 1047 824; x_wconf 69' lang='lat' dir='ltr'>quorundam</span> <span class='ocrx_word' id='word_1_38' title='bbox 1067 769 1280 810; x_wconf 76' lang='lat' dir='ltr'>Scotorum</span> <span class='ocrx_word' id='word_1_39' title='bbox 1300 770 1429 826; x_wconf 74' lang='lat' dir='ltr'>May-</span> 
     </span>
     <span class='ocr_line' id='line_1_7' title="bbox 727 833 1047 876; baseline 0.003 -1"><span class='ocrx_word' id='word_1_40' title='bbox 727 833 892 876; x_wconf 77' lang='lat' dir='ltr'>natibus</span> <span class='ocrx_word' id='word_1_41' title='bbox 910 833 1047 876; x_wconf 76' lang='lat' dir='ltr'>suis.&#39;²</span> 
     </span>
    </p>
   </div>
   <div class='ocr_carea' id='block_1_4' title="bbox 250 949 1519 1731">
    <p class='ocr_par' dir='ltr' id='par_1_4' title="bbox 250 949 1519 1731">
     <span class='ocr_line' id='line_1_8' title="bbox 320 949 1519 1003; baseline -0.001 -11"><span class='ocrx_word' id='word_1_42' title='bbox 320 950 538 1001; x_wconf 80' lang='lat' dir='ltr'>obtenta,</span> <span class='ocrx_word' id='word_1_43' title='bbox 561 956 613 992; x_wconf 90' lang='lat' dir='ltr'>ut</span> <span class='ocrx_word' id='word_1_44' title='bbox 636 951 807 992; x_wconf 89' lang='lat' dir='ltr'>dictum</span> <span class='ocrx_word' id='word_1_45' title='bbox 833 955 919 1000; x_wconf 90' lang='lat' dir='ltr'>est,</span> <span class='ocrx_word' id='word_1_46' title='bbox 941 963 970 991; x_wconf 87' lang='lat' dir='ltr'>a</span> <span class='ocrx_word' id='word_1_47' title='bbox 999 949 1150 991; x_wconf 89' lang='lat' dir='ltr'>Scotis</span> <span class='ocrx_word' id='word_1_48' title='bbox 1181 949 1390 1000; x_wconf 88' lang='lat' dir='ltr'>victoria,</span> <span class='ocrx_word' id='word_1_49' title='bbox 1411 963 1519 1003; x_wconf 90' lang='lat' dir='ltr'>pro-</span> 
     </span>
     <span class='ocr_line' id='line_1_9' title="bbox 251 1015 1517 1071; baseline 0 -14"><span class='ocrx_word' id='word_1_50' title='bbox 251 1022 490 1057; x_wconf 89' lang='lat' dir='ltr'>cesserunt</span> <span class='ocrx_word' id='word_1_51' title='bbox 520 1017 664 1071; x_wconf 81' lang='lat' dir='ltr'>aliqui</span> <span class='ocrx_word' id='word_1_52' title='bbox 694 1029 752 1057; x_wconf 82' lang='lat' dir='ltr'>ex</span> <span class='ocrx_word' id='word_1_53' title='bbox 775 1016 1017 1058; x_wconf 88' lang='lat' dir='ltr'>comitibus</span> <span class='ocrx_word' id='word_1_54' title='bbox 1038 1015 1224 1065; x_wconf 91' lang='lat' dir='ltr'>nostris,</span> <span class='ocrx_word' id='word_1_55' title='bbox 1245 1015 1517 1068; x_wconf 83' lang='lat' dir='ltr'>insequente</span> 
     </span>
     <span class='ocr_line' id='line_1_10' title="bbox 250 1080 1518 1136; baseline 0.001 -13"><span class='ocrx_word' id='word_1_56' title='bbox 250 1083 540 1135; x_wconf 90' lang='lat' dir='ltr'>postmodum</span> <span class='ocrx_word' id='word_1_57' title='bbox 560 1096 683 1136; x_wconf 87' lang='lat' dir='ltr'>rege,</span> <span class='ocrx_word' id='word_1_58' title='bbox 698 1095 843 1135; x_wconf 91' lang='lat' dir='ltr'>usque</span> <span class='ocrx_word' id='word_1_59' title='bbox 862 1082 920 1123; x_wconf 90' lang='lat' dir='ltr'>ad</span> <span class='ocrx_word' id='word_1_60' title='bbox 942 1082 1160 1123; x_wconf 83' lang='lat' dir='ltr'>Sanctum</span> <span class='ocrx_word' id='word_1_61' title='bbox 1183 1080 1418 1123; x_wconf 85' lang='lat' dir='ltr'>Andream</span> <span class='ocrx_word' id='word_1_62' title='bbox 1440 1085 1453 1103; x_wconf 92' lang='lat'>‘</span> <span class='ocrx_word' id='word_1_63' title='bbox 1470 1087 1518 1124; x_wconf 87' lang='lat' dir='ltr'>et</span> 
     </span>
     <span class='ocr_line' id='line_1_11' title="bbox 251 1148 1516 1199; baseline 0.001 -10"><span class='ocrx_word' id='word_1_64' title='bbox 251 1148 462 1190; x_wconf 80' lang='lat' dir='ltr'>villam&#39;³</span> <span class='ocrx_word' id='word_1_65' title='bbox 500 1149 658 1190; x_wconf 82' lang='lat' dir='ltr'>Sancti</span> <span class='ocrx_word' id='word_1_66' title='bbox 687 1149 718 1190; x_wconf 89' lang='lat' dir='ltr'><strong>J</strong></span> <span class='ocrx_word' id='word_1_67' title='bbox 722 1148 915 1190; x_wconf 88' lang='lat' dir='ltr'>ohannis</span> <span class='ocrx_word' id='word_1_68' title='bbox 946 1152 1183 1189; x_wconf 82' lang='lat' dir='ltr'>vastantes</span> <span class='ocrx_word' id='word_1_69' title='bbox 1214 1148 1395 1199; x_wconf 81' lang='lat' dir='ltr'>omnia3</span> <span class='ocrx_word' id='word_1_70' title='bbox 1432 1161 1516 1190; x_wconf 91' lang='lat' dir='ltr'>nec</span> 
     </span>
     <span class='ocr_line' id='line_1_12' title="bbox 252 1214 1515 1269; baseline 0 -14"><span class='ocrx_word' id='word_1_71' title='bbox 252 1220 351 1256; x_wconf 87' lang='lat' dir='ltr'>erat</span> <span class='ocrx_word' id='word_1_72' title='bbox 383 1228 443 1256; x_wconf 79' lang='lat' dir='ltr'>ex</span> <span class='ocrx_word' id='word_1_73' title='bbox 479 1215 629 1256; x_wconf 89' lang='lat' dir='ltr'>Scotis</span> <span class='ocrx_word' id='word_1_74' title='bbox 657 1215 736 1269; x_wconf 92' lang='lat' dir='ltr'>qui</span> <span class='ocrx_word' id='word_1_75' title='bbox 765 1215 1016 1264; x_wconf 84' lang='lat' dir='ltr'>resisteret,</span> <span class='ocrx_word' id='word_1_76' title='bbox 1040 1214 1114 1255; x_wconf 91' lang='lat' dir='ltr'>vel</span> <span class='ocrx_word' id='word_1_77' title='bbox 1146 1214 1427 1255; x_wconf 89' lang='lat' dir='ltr'>inveniretur</span> <span class='ocrx_word' id='word_1_78' title='bbox 1457 1215 1515 1255; x_wconf 88' lang='lat' dir='ltr'>ab</span> 
     </span>
     <span class='ocr_line' id='line_1_13' title="bbox 251 1279 1516 1335; baseline 0 -14"><span class='ocrx_word' id='word_1_79' title='bbox 251 1280 331 1323; x_wconf 88' lang='lat' dir='ltr'>eis.</span> <span class='ocrx_word' id='word_1_80' title='bbox 402 1281 793 1335; x_wconf 85' lang='lat' dir='ltr'>Diverteruntque</span> <span class='ocrx_word' id='word_1_81' title='bbox 825 1280 971 1323; x_wconf 83' lang='lat' dir='ltr'>nostri</span> <span class='ocrx_word' id='word_1_82' title='bbox 993 1294 1076 1334; x_wconf 88' lang='lat' dir='ltr'>per</span> <span class='ocrx_word' id='word_1_83' title='bbox 1102 1280 1300 1321; x_wconf 90' lang='lat' dir='ltr'>medium</span> <span class='ocrx_word' id='word_1_84' title='bbox 1333 1279 1516 1321; x_wconf 84' lang='lat' dir='ltr'>forestae</span> 
     </span>
     <span class='ocr_line' id='line_1_14' title="bbox 253 1345 1515 1401; baseline 0 -14"><span class='ocrx_word' id='word_1_85' title='bbox 253 1346 309 1387; x_wconf 93' lang='lat' dir='ltr'>de</span> <span class='ocrx_word' id='word_1_86' title='bbox 347 1346 546 1401; x_wconf 89' lang='lat' dir='ltr'>Selkyrk</span> <span class='ocrx_word' id='word_1_87' title='bbox 582 1360 729 1401; x_wconf 89' lang='lat' dir='ltr'>usque</span> <span class='ocrx_word' id='word_1_88' title='bbox 762 1347 1004 1389; x_wconf 87' lang='lat' dir='ltr'>castellum</span> <span class='ocrx_word' id='word_1_89' title='bbox 1036 1346 1092 1387; x_wconf 91' lang='lat' dir='ltr'>de</span> <span class='ocrx_word' id='word_1_90' title='bbox 1132 1345 1269 1395; x_wconf 88' lang='lat' dir='ltr'>Aree,</span> <span class='ocrx_word' id='word_1_91' title='bbox 1306 1350 1352 1386; x_wconf 83' lang='lat' dir='ltr'>et</span> <span class='ocrx_word' id='word_1_92' title='bbox 1385 1346 1515 1388; x_wconf 91' lang='lat' dir='ltr'>inve-</span> 
     </span>
     <span class='ocr_line' id='line_1_15' title="bbox 252 1411 1514 1463; baseline 0.001 -10"><span class='ocrx_word' id='word_1_93' title='bbox 252 1418 418 1455; x_wconf 90' lang='lat' dir='ltr'>nerunt</span> <span class='ocrx_word' id='word_1_94' title='bbox 448 1414 563 1455; x_wconf 91' lang='lat' dir='ltr'>illud</span> <span class='ocrx_word' id='word_1_95' title='bbox 595 1427 789 1455; x_wconf 88' lang='lat' dir='ltr'>vacuum</span> <span class='ocrx_word' id='word_1_96' title='bbox 823 1418 870 1454; x_wconf 90' lang='lat' dir='ltr'>et</span> <span class='ocrx_word' id='word_1_97' title='bbox 900 1413 1162 1463; x_wconf 84' lang='lat' dir='ltr'>incensum3</span> <span class='ocrx_word' id='word_1_98' title='bbox 1200 1411 1359 1453; x_wconf 91' lang='lat' dir='ltr'>audito</span> <span class='ocrx_word' id='word_1_99' title='bbox 1394 1413 1514 1454; x_wconf 89' lang='lat' dir='ltr'>enim</span> 
     </span>
     <span class='ocr_line' id='line_1_16' title="bbox 253 1478 1516 1533; baseline 0.001 -14"><span class='ocrx_word' id='word_1_100' title='bbox 253 1479 457 1521; x_wconf 90' lang='lat' dir='ltr'>adventu</span> <span class='ocrx_word' id='word_1_101' title='bbox 490 1480 629 1533; x_wconf 88' lang='lat' dir='ltr'>regis,</span> <span class='ocrx_word' id='word_1_102' title='bbox 666 1480 786 1533; x_wconf 84' lang='lat' dir='ltr'>fugit</span> <span class='ocrx_word' id='word_1_103' title='bbox 821 1492 850 1520; x_wconf 87' lang='lat' dir='ltr'>a</span> <span class='ocrx_word' id='word_1_104' title='bbox 887 1478 1005 1520; x_wconf 85' lang='lat' dir='ltr'>facie</span> <span class='ocrx_word' id='word_1_105' title='bbox 1047 1479 1147 1533; x_wconf 88' lang='lat' dir='ltr'>ejus</span> <span class='ocrx_word' id='word_1_106' title='bbox 1187 1478 1421 1520; x_wconf 87' lang='lat' dir='ltr'>Robertus</span> <span class='ocrx_word' id='word_1_107' title='bbox 1459 1478 1516 1520; x_wconf 89' lang='lat' dir='ltr'>de</span> 
     </span>
     <span class='ocr_line' id='line_1_17' title="bbox 254 1545 1515 1600; baseline 0 -14"><span class='ocrx_word' id='word_1_108' title='bbox 254 1545 375 1586; x_wconf 90' lang='lat' dir='ltr'>Brus</span> <span class='ocrx_word' id='word_1_109' title='bbox 421 1545 596 1600; x_wconf 89' lang='lat' dir='ltr'>junior,</span> <span class='ocrx_word' id='word_1_110' title='bbox 640 1551 686 1588; x_wconf 89' lang='lat' dir='ltr'>et</span> <span class='ocrx_word' id='word_1_111' title='bbox 738 1545 939 1587; x_wconf 85' lang='lat' dir='ltr'>incendit</span> <span class='ocrx_word' id='word_1_112' title='bbox 978 1545 1094 1586; x_wconf 93' lang='lat' dir='ltr'>illud</span> <span class='ocrx_word' id='word_1_113' title='bbox 1144 1551 1348 1586; x_wconf 88' lang='lat' dir='ltr'>castrum</span> <span class='ocrx_word' id='word_1_114' title='bbox 1392 1545 1515 1598; x_wconf 90' lang='lat' dir='ltr'>quod</span> 
     </span>
     <span class='ocr_line' id='line_1_18' title="bbox 252 1611 1518 1666; baseline 0 -14"><span class='ocrx_word' id='word_1_115' title='bbox 252 1615 478 1652; x_wconf 88' lang='lat' dir='ltr'>tenuerat.</span> <span class='ocrx_word' id='word_1_116' title='bbox 550 1611 760 1666; x_wconf 89' lang='lat' dir='ltr'>Cumque</span> <span class='ocrx_word' id='word_1_117' title='bbox 793 1611 958 1652; x_wconf 88' lang='lat' dir='ltr'>fuisset</span> <span class='ocrx_word' id='word_1_118' title='bbox 995 1611 1244 1652; x_wconf 90' lang='lat' dir='ltr'>voluntatis</span> <span class='ocrx_word' id='word_1_119' title='bbox 1285 1611 1423 1663; x_wconf 83' lang='lat' dir='ltr'>regiae</span> <span class='ocrx_word' id='word_1_120' title='bbox 1466 1615 1518 1652; x_wconf 92' lang='lat' dir='ltr'>ut</span> 
     </span>
     <span class='ocr_line' id='line_1_19' title="bbox 250 1676 1515 1731; baseline 0 -13"><span class='ocrx_word' id='word_1_121' title='bbox 250 1682 360 1719; x_wconf 93' lang='lat' dir='ltr'>tunc</span> <span class='ocrx_word' id='word_1_122' title='bbox 397 1677 675 1720; x_wconf 87' lang='lat' dir='ltr'>Galwaliam</span> <span class='ocrx_word' id='word_1_123' title='bbox 714 1677 1044 1731; x_wconf 84' lang='lat' dir='ltr'>ingrederetur,</span> <span class='ocrx_word' id='word_1_124' title='bbox 1082 1676 1322 1718; x_wconf 87' lang='lat' dir='ltr'>deficiente</span> <span class='ocrx_word' id='word_1_125' title='bbox 1361 1681 1515 1718; x_wconf 91' lang='lat' dir='ltr'>tamen</span> 
     </span>
    </p>
   </div>
   <div class='ocr_carea' id='block_1_5' title="bbox 1556 431 1712 458">
    <p class='ocr_par' dir='ltr' id='par_1_5' title="bbox 1556 431 1712 458">
     <span class='ocr_line' id='line_1_20' title="bbox 1556 431 1712 458; baseline -0.013 0"><span class='ocrx_word' id='word_1_126' title='bbox 1556 432 1676 458; x_wconf 73' lang='lat' dir='ltr'>Edwaxd</span> <span class='ocrx_word' id='word_1_127' title='bbox 1690 431 1712 456; x_wconf 87' lang='grc' dir='ltr'>Ι.</span> 
     </span>
    </p>
   </div>
   <div class='ocr_carea' id='block_1_6' title="bbox 1549 465 1720 490">
    <p class='ocr_par' dir='ltr' id='par_1_6' title="bbox 1549 465 1720 490">
     <span class='ocr_line' id='line_1_21' title="bbox 1549 465 1720 490; baseline -0.006 0"><span class='ocrx_word' id='word_1_128' title='bbox 1549 466 1583 490; x_wconf 80' lang='grc' dir='ltr'>Α.</span> <span class='ocrx_word' id='word_1_129' title='bbox 1595 465 1628 490; x_wconf 91' lang='lat' dir='ltr'>D.</span> <span class='ocrx_word' id='word_1_130' title='bbox 1645 466 1720 490; x_wconf 80' lang='lat'>1298.</span> 
     </span>
    </p>
   </div>
   <div class='ocr_carea' id='block_1_7' title="bbox 250 1743 1696 1798">
    <p class='ocr_par' dir='ltr' id='par_1_7' title="bbox 250 1743 1696 1798">
     <span class='ocr_line' id='line_1_22' title="bbox 250 1743 1696 1798; baseline -0.005 -13"><span class='ocrx_word' id='word_1_131' title='bbox 250 1756 369 1797; x_wconf 88' lang='lat' dir='ltr'>pane</span> <span class='ocrx_word' id='word_1_132' title='bbox 422 1744 586 1787; x_wconf 90' lang='lat' dir='ltr'>defecit</span> <span class='ocrx_word' id='word_1_133' title='bbox 635 1749 682 1786; x_wconf 87' lang='lat' dir='ltr'>et</span> <span class='ocrx_word' id='word_1_134' title='bbox 730 1744 1016 1798; x_wconf 89' lang='lat' dir='ltr'>propositum</span> <span class='ocrx_word' id='word_1_135' title='bbox 1070 1743 1202 1798; x_wconf 90' lang='lat' dir='ltr'>ejus;</span> <span class='ocrx_word' id='word_1_136' title='bbox 1255 1756 1348 1784; x_wconf 89' lang='lat' dir='ltr'>non</span> <span class='ocrx_word' id='word_1_137' title='bbox 1395 1743 1514 1784; x_wconf 91' lang='lat' dir='ltr'>enim</span> <span class='ocrx_word' id='word_1_138' title='bbox 1534 1753 1696 1780; x_wconf 73' lang='lat' dir='ltr'>Provision·</span> 
     </span>
    </p>
   </div>
   <div class='ocr_carea' id='block_1_8' title="bbox 251 1809 1518 2523">
    <p class='ocr_par' dir='ltr' id='par_1_8' title="bbox 251 1809 1518 2523">
     <span class='ocr_line' id='line_1_23' title="bbox 252 1809 1517 1866; baseline -0.001 -15"><span class='ocrx_word' id='word_1_139' title='bbox 252 1816 474 1853; x_wconf 88' lang='lat' dir='ltr'>venerant</span> <span class='ocrx_word' id='word_1_140' title='bbox 496 1824 638 1852; x_wconf 87' lang='lat' dir='ltr'>naves</span> <span class='ocrx_word' id='word_1_141' title='bbox 672 1824 788 1866; x_wconf 85' lang='lat' dir='ltr'>quas</span> <span class='ocrx_word' id='word_1_142' title='bbox 822 1810 1053 1860; x_wconf 87' lang='lat' dir='ltr'>credebat,</span> <span class='ocrx_word' id='word_1_143' title='bbox 1074 1814 1120 1851; x_wconf 90' lang='lat' dir='ltr'>et</span> <span class='ocrx_word' id='word_1_144' title='bbox 1147 1822 1230 1863; x_wconf 90' lang='lat' dir='ltr'>per</span> <span class='ocrx_word' id='word_1_145' title='bbox 1258 1809 1517 1863; x_wconf 89' lang='lat' dir='ltr'>quindecim</span> 
     </span>
     <span class='ocr_line' id='line_1_24' title="bbox 254 1876 1518 1930; baseline -0.001 -13"><span class='ocrx_word' id='word_1_146' title='bbox 254 1877 349 1918; x_wconf 91' lang='lat' dir='ltr'>dies</span> <span class='ocrx_word' id='word_1_147' title='bbox 363 1882 461 1919; x_wconf 88' lang='lat' dir='ltr'>erat</span> <span class='ocrx_word' id='word_1_148' title='bbox 475 1878 523 1918; x_wconf 92' lang='lat' dir='ltr'>in</span> <span class='ocrx_word' id='word_1_149' title='bbox 539 1878 704 1919; x_wconf 88' lang='lat' dir='ltr'>castris</span> <span class='ocrx_word' id='word_1_150' title='bbox 723 1878 867 1918; x_wconf 88' lang='lat' dir='ltr'>fames</span> <span class='ocrx_word' id='word_1_151' title='bbox 883 1876 1048 1918; x_wconf 86' lang='lat' dir='ltr'>valida.</span> <span class='ocrx_word' id='word_1_152' title='bbox 1103 1876 1389 1930; x_wconf 84' lang='lat' dir='ltr'>Reversique</span> <span class='ocrx_word' id='word_1_153' title='bbox 1410 1881 1518 1917; x_wconf 90' lang='lat' dir='ltr'>sunt</span> 
     </span>
     <span class='ocr_line' id='line_1_25' title="bbox 253 1942 1518 1996; baseline 0 -12"><span class='ocrx_word' id='word_1_154' title='bbox 253 1956 334 1996; x_wconf 90' lang='lat' dir='ltr'>per</span> <span class='ocrx_word' id='word_1_155' title='bbox 355 1944 555 1985; x_wconf 92' lang='lat' dir='ltr'>medium</span> <span class='ocrx_word' id='word_1_156' title='bbox 575 1944 727 1986; x_wconf 88' lang='lat' dir='ltr'>Vallis</span> <span class='ocrx_word' id='word_1_157' title='bbox 752 1943 994 1993; x_wconf 89' lang='lat' dir='ltr'>Anandiae,</span> <span class='ocrx_word' id='word_1_158' title='bbox 1014 1947 1060 1984; x_wconf 93' lang='lat' dir='ltr'>et</span> <span class='ocrx_word' id='word_1_159' title='bbox 1078 1942 1306 1984; x_wconf 92' lang='lat' dir='ltr'>redditum</span> <span class='ocrx_word' id='word_1_160' title='bbox 1327 1947 1398 1983; x_wconf 92' lang='lat' dir='ltr'>est</span> <span class='ocrx_word' id='word_1_161' title='bbox 1418 1943 1518 1995; x_wconf 84' lang='lat' dir='ltr'>regi</span> 
     </span>
     <span class='ocr_line' id='line_1_26' title="bbox 253 2009 1517 2060; baseline -0.002 -9"><span class='ocrx_word' id='word_1_162' title='bbox 253 2010 493 2051; x_wconf 86' lang='lat' dir='ltr'>castellum</span> <span class='ocrx_word' id='word_1_163' title='bbox 524 2010 580 2051; x_wconf 90' lang='lat' dir='ltr'>de</span> <span class='ocrx_word' id='word_1_164' title='bbox 613 2010 924 2060; x_wconf 87' lang='lat' dir='ltr'>Lochmaban,</span> <span class='ocrx_word' id='word_1_165' title='bbox 953 2009 1074 2050; x_wconf 90' lang='lat' dir='ltr'>datis</span> <span class='ocrx_word' id='word_1_166' title='bbox 1101 2009 1197 2051; x_wconf 89' lang='lat' dir='ltr'>vita</span> <span class='ocrx_word' id='word_1_167' title='bbox 1227 2013 1274 2050; x_wconf 88' lang='lat' dir='ltr'>et</span> <span class='ocrx_word' id='word_1_168' title='bbox 1303 2009 1517 2050; x_wconf 88' lang='lat' dir='ltr'>membris</span> 
     </span>
     <span class='ocr_line' id='line_1_27' title="bbox 251 2074 1515 2130; baseline 0 -15"><span class='ocrx_word' id='word_1_169' title='bbox 251 2075 338 2117; x_wconf 86' lang='lat' dir='ltr'>hiis</span> <span class='ocrx_word' id='word_1_170' title='bbox 351 2077 430 2130; x_wconf 92' lang='lat' dir='ltr'>qui</span> <span class='ocrx_word' id='word_1_171' title='bbox 448 2081 694 2118; x_wconf 89' lang='lat' dir='ltr'>tenuerunt</span> <span class='ocrx_word' id='word_1_172' title='bbox 711 2076 839 2117; x_wconf 87' lang='lat' dir='ltr'>illud.</span> <span class='ocrx_word' id='word_1_173' title='bbox 902 2075 1095 2116; x_wconf 88' lang='lat' dir='ltr'>Interim</span> <span class='ocrx_word' id='word_1_174' title='bbox 1115 2075 1326 2116; x_wconf 84' lang='lat' dir='ltr'>veniebat</span> <span class='ocrx_word' id='word_1_175' title='bbox 1345 2088 1403 2116; x_wconf 87' lang='lat' dir='ltr'>ex</span> <span class='ocrx_word' id='word_1_176' title='bbox 1426 2074 1515 2116; x_wconf 84' lang='lat' dir='ltr'>Hi-</span> 
     </span>
     <span class='ocr_line' id='line_1_28' title="bbox 252 2139 1518 2195; baseline -0.001 -13"><span class='ocrx_word' id='word_1_177' title='bbox 252 2142 411 2183; x_wconf 90' lang='lat' dir='ltr'>bernia</span> <span class='ocrx_word' id='word_1_178' title='bbox 432 2143 619 2195; x_wconf 88' lang='lat' dir='ltr'>quidam</span> <span class='ocrx_word' id='word_1_179' title='bbox 637 2142 803 2184; x_wconf 92' lang='lat' dir='ltr'>nobilis</span> <span class='ocrx_word' id='word_1_180' title='bbox 822 2141 1025 2182; x_wconf 89' lang='lat' dir='ltr'>Thomas</span> <span class='ocrx_word' id='word_1_181' title='bbox 1045 2140 1220 2181; x_wconf 90' lang='lat' dir='ltr'>scilicet</span> <span class='ocrx_word' id='word_1_182' title='bbox 1235 2140 1291 2181; x_wconf 90' lang='lat' dir='ltr'>de</span> <span class='ocrx_word' id='word_1_183' title='bbox 1306 2139 1518 2195; x_wconf 78' lang='lat' dir='ltr'>Byseth‚4</span> 
     </span>
     <span class='ocr_line' id='line_1_29' title="bbox 253 2206 1515 2249; baseline -0.001 -1"><span class='ocrx_word' id='word_1_184' title='bbox 253 2212 299 2248; x_wconf 90' lang='lat' dir='ltr'>et</span> <span class='ocrx_word' id='word_1_185' title='bbox 320 2208 364 2248; x_wconf 92' lang='lat' dir='ltr'>in</span> <span class='ocrx_word' id='word_1_186' title='bbox 382 2209 606 2249; x_wconf 88' lang='lat' dir='ltr'>auxilium</span> <span class='ocrx_word' id='word_1_187' title='bbox 624 2208 863 2249; x_wconf 88' lang='lat' dir='ltr'>Scotorum</span> <span class='ocrx_word' id='word_1_188' title='bbox 878 2212 930 2248; x_wconf 90' lang='lat' dir='ltr'>ut</span> <span class='ocrx_word' id='word_1_189' title='bbox 948 2207 1249 2248; x_wconf 88' lang='lat' dir='ltr'>communiter</span> <span class='ocrx_word' id='word_1_190' title='bbox 1263 2206 1515 2249; x_wconf 90' lang='lat' dir='ltr'>dicebatur.</span> 
     </span>
     <span class='ocr_line' id='line_1_30' title="bbox 255 2271 1517 2328; baseline 0 -14"><span class='ocrx_word' id='word_1_191' title='bbox 255 2273 349 2325; x_wconf 85' lang='lat' dir='ltr'>Qui</span> <span class='ocrx_word' id='word_1_192' title='bbox 390 2287 493 2315; x_wconf 87' lang='lat' dir='ltr'>cum</span> <span class='ocrx_word' id='word_1_193' title='bbox 534 2274 833 2328; x_wconf 87' lang='lat' dir='ltr'>applicuisset</span> <span class='ocrx_word' id='word_1_194' title='bbox 874 2273 919 2314; x_wconf 92' lang='lat' dir='ltr'>in</span> <span class='ocrx_word' id='word_1_195' title='bbox 954 2273 1104 2314; x_wconf 90' lang='lat' dir='ltr'>insula</span> <span class='ocrx_word' id='word_1_196' title='bbox 1135 2272 1191 2314; x_wconf 91' lang='lat' dir='ltr'>de</span> <span class='ocrx_word' id='word_1_197' title='bbox 1223 2271 1360 2322; x_wconf 89' lang='lat' dir='ltr'>Aree,</span> <span class='ocrx_word' id='word_1_198' title='bbox 1392 2277 1438 2314; x_wconf 91' lang='lat' dir='ltr'>et</span> <span class='ocrx_word' id='word_1_199' title='bbox 1467 2286 1517 2315; x_wconf 92' lang='lat' dir='ltr'>se</span> 
     </span>
     <span class='ocr_line' id='line_1_31' title="bbox 253 2339 1515 2392; baseline 0.001 -12"><span class='ocrx_word' id='word_1_200' title='bbox 253 2339 485 2382; x_wconf 89' lang='lat' dir='ltr'>dedissent</span> <span class='ocrx_word' id='word_1_201' title='bbox 515 2341 557 2382; x_wconf 93' lang='lat' dir='ltr'>ei</span> <span class='ocrx_word' id='word_1_202' title='bbox 587 2340 751 2382; x_wconf 88' lang='lat' dir='ltr'>incolae</span> <span class='ocrx_word' id='word_1_203' title='bbox 779 2339 920 2389; x_wconf 90' lang='lat' dir='ltr'>illius,</span> <span class='ocrx_word' id='word_1_204' title='bbox 948 2339 1243 2392; x_wconf 86' lang='lat' dir='ltr'>audissetque</span> <span class='ocrx_word' id='word_1_205' title='bbox 1267 2339 1325 2380; x_wconf 89' lang='lat' dir='ltr'>ab</span> <span class='ocrx_word' id='word_1_206' title='bbox 1352 2339 1515 2381; x_wconf 90' lang='lat' dir='ltr'>incolis</span> 
     </span>
     <span class='ocr_line' id='line_1_32' title="bbox 253 2405 1518 2459; baseline 0 -12"><span class='ocrx_word' id='word_1_207' title='bbox 253 2419 407 2459; x_wconf 82' lang='lat' dir='ltr'>regem</span> <span class='ocrx_word' id='word_1_208' title='bbox 442 2411 649 2448; x_wconf 90' lang='lat' dir='ltr'>nostrum</span> <span class='ocrx_word' id='word_1_209' title='bbox 681 2406 789 2447; x_wconf 93' lang='lat' dir='ltr'>belli</span> <span class='ocrx_word' id='word_1_210' title='bbox 823 2405 1074 2447; x_wconf 90' lang='lat' dir='ltr'>obtinuisse</span> <span class='ocrx_word' id='word_1_211' title='bbox 1108 2405 1366 2455; x_wconf 85' lang='lat' dir='ltr'>victoriam,</span> <span class='ocrx_word' id='word_1_212' title='bbox 1393 2405 1518 2447; x_wconf 87' lang='lat' dir='ltr'>misit</span> 
     </span>
     <span class='ocr_line' id='line_1_33' title="bbox 254 2471 1516 2523; baseline -0.001 -9"><span class='ocrx_word' id='word_1_213' title='bbox 254 2472 310 2514; x_wconf 90' lang='lat' dir='ltr'>ad</span> <span class='ocrx_word' id='word_1_214' title='bbox 343 2485 447 2514; x_wconf 91' lang='lat' dir='ltr'>eum</span> <span class='ocrx_word' id='word_1_215' title='bbox 481 2473 688 2523; x_wconf 89' lang='lat' dir='ltr'>nuncios,</span> <span class='ocrx_word' id='word_1_216' title='bbox 720 2472 875 2514; x_wconf 89' lang='lat' dir='ltr'>dicens</span> <span class='ocrx_word' id='word_1_217' title='bbox 911 2484 961 2513; x_wconf 92' lang='lat' dir='ltr'>se</span> <span class='ocrx_word' id='word_1_218' title='bbox 998 2471 1177 2513; x_wconf 90' lang='lat' dir='ltr'>venisse</span> <span class='ocrx_word' id='word_1_219' title='bbox 1211 2471 1257 2512; x_wconf 91' lang='lat' dir='ltr'>in</span> <span class='ocrx_word' id='word_1_220' title='bbox 1291 2471 1516 2513; x_wconf 85' lang='lat' dir='ltr'>auxilium</span> 
     </span>
    </p>
   </div>
   <div class='ocr_carea' id='block_1_9' title="bbox 252 2626 1520 2852">
    <p class='ocr_par' dir='ltr' id='par_1_9' title="bbox 301 2626 608 2667">
     <span class='ocr_line' id='line_1_34' title="bbox 301 2626 608 2667; baseline 0.003 -9"><span class='ocrx_word' id='word_1_221' title='bbox 301 2626 310 2646; x_wconf 91' lang='lat'><em>¹</em></span> <span class='ocrx_word' id='word_1_222' title='bbox 334 2627 465 2658; x_wconf 83' lang='lat' dir='ltr'>Adrian</span> <span class='ocrx_word' id='word_1_223' title='bbox 480 2627 512 2658; x_wconf 93' lang='lat' dir='ltr'>le</span> <span class='ocrx_word' id='word_1_224' title='bbox 528 2627 608 2667; x_wconf 82' lang='lat' dir='ltr'>Say.</span> 
     </span>
    </p>

    <p class='ocr_par' dir='ltr' id='par_1_10' title="bbox 252 2670 1520 2760">
     <span class='ocr_line' id='line_1_35' title="bbox 301 2670 1519 2711; baseline -0.001 -7"><span class='ocrx_word' id='word_1_225' title='bbox 301 2670 314 2689; x_wconf 78' lang='lat'>²</span> <span class='ocrx_word' id='word_1_226' title='bbox 335 2673 345 2691; x_wconf 93' lang='lat'>‘</span> <span class='ocrx_word' id='word_1_227' title='bbox 357 2673 463 2705; x_wconf 87' lang='lat' dir='ltr'>Dedit</span> <span class='ocrx_word' id='word_1_228' title='bbox 473 2674 547 2705; x_wconf 87' lang='lat' dir='ltr'>Rex</span> <span class='ocrx_word' id='word_1_229' title='bbox 558 2673 680 2705; x_wconf 74' lang='lat' dir='ltr'>Terras</span> <span class='ocrx_word' id='word_1_230' title='bbox 692 2671 867 2704; x_wconf 89' lang='lat' dir='ltr'>Scotorum</span> <span class='ocrx_word' id='word_1_231' title='bbox 951 2671 963 2690; x_wconf 82' lang='lat'><strong>⁴</strong></span> <span class='ocrx_word' id='word_1_232' title='bbox 985 2671 1131 2703; x_wconf 82' lang='lat' dir='ltr'>Thomas</span> <span class='ocrx_word' id='word_1_233' title='bbox 1144 2671 1186 2703; x_wconf 91' lang='lat' dir='ltr'>de</span> <span class='ocrx_word' id='word_1_234' title='bbox 1199 2671 1325 2711; x_wconf 80' lang='lat' dir='ltr'>Bisset,</span> <span class='ocrx_word' id='word_1_235' title='bbox 1333 2671 1419 2703; x_wconf 81' lang='lat' dir='ltr'>alias</span> <span class='ocrx_word' id='word_1_236' title='bbox 1435 2671 1519 2703; x_wconf 72' lang='lat' dir='ltr'>Mis-</span> 
     </span>
     <span class='ocr_line' id='line_1_36' title="bbox 252 2717 1520 2760; baseline -0.002 -9"><span class='ocrx_word' id='word_1_237' title='bbox 252 2720 473 2760; x_wconf 82' lang='lat' dir='ltr'>Magnatibus</span> <span class='ocrx_word' id='word_1_238' title='bbox 482 2718 869 2760; x_wconf 80' lang='lat' dir='ltr'>suis,¹MS.Cott.Vesp.</span> <span class='ocrx_word' id='word_1_239' title='bbox 904 2722 965 2750; x_wconf 84' lang='lat' dir='ltr'>set·</span> <span class='ocrx_word' id='word_1_240' title='bbox 1011 2718 1078 2749; x_wconf 84' lang='lat' dir='ltr'>His</span> <span class='ocrx_word' id='word_1_241' title='bbox 1090 2718 1187 2749; x_wconf 85' lang='lat' dir='ltr'>lands</span> <span class='ocrx_word' id='word_1_242' title='bbox 1203 2727 1293 2749; x_wconf 87' lang='lat' dir='ltr'>were</span> <span class='ocrx_word' id='word_1_243' title='bbox 1308 2727 1388 2749; x_wconf 85' lang='lat' dir='ltr'>near</span> <span class='ocrx_word' id='word_1_244' title='bbox 1398 2717 1520 2749; x_wconf 81' lang='lat' dir='ltr'>Clane-</span> 
     </span>
    </p>

    <p class='ocr_par' dir='ltr' id='par_1_11' title="bbox 257 2760 1502 2852">
     <span class='ocr_line' id='line_1_37' title="bbox 299 2760 1502 2806; baseline -0.001 -8"><span class='ocrx_word' id='word_1_245' title='bbox 299 2763 314 2783; x_wconf 82' lang='lat'>³</span> <span class='ocrx_word' id='word_1_246' title='bbox 334 2769 344 2784; x_wconf 90' lang='lat'>‘</span> <span class='ocrx_word' id='word_1_247' title='bbox 356 2770 390 2798; x_wconf 89' lang='lat' dir='ltr'>et</span> <span class='ocrx_word' id='word_1_248' title='bbox 415 2767 509 2806; x_wconf 86' lang='lat' dir='ltr'>Pert,</span> <span class='ocrx_word' id='word_1_249' title='bbox 535 2776 611 2797; x_wconf 88' lang='lat' dir='ltr'>cum</span> <span class='ocrx_word' id='word_1_250' title='bbox 639 2765 743 2806; x_wconf 85' lang='lat' dir='ltr'>villa‚’</span> <span class='ocrx_word' id='word_1_251' title='bbox 770 2765 868 2797; x_wconf 88' lang='lat' dir='ltr'><strong>MSS.</strong></span> <span class='ocrx_word' id='word_1_252' title='bbox 904 2765 968 2804; x_wconf 86' lang='lat' dir='ltr'>boy</span> <span class='ocrx_word' id='word_1_253' title='bbox 985 2765 1051 2796; x_wconf 80' lang='lat' dir='ltr'>and</span> <span class='ocrx_word' id='word_1_254' title='bbox 1067 2763 1123 2796; x_wconf 84' lang='lat' dir='ltr'>the</span> <span class='ocrx_word' id='word_1_255' title='bbox 1140 2764 1296 2796; x_wconf 81' lang='lat' dir='ltr'>Dufferin</span> <span class='ocrx_word' id='word_1_256' title='bbox 1314 2764 1346 2795; x_wconf 82' lang='lat' dir='ltr'>in</span> <span class='ocrx_word' id='word_1_257' title='bbox 1363 2760 1502 2797; x_wconf 68' lang='lat' dir='ltr'>Ulsteae</span> 
     </span>
     <span class='ocr_line' id='line_1_38' title="bbox 257 2812 690 2852; baseline 0 -8"><span class='ocrx_word' id='word_1_258' title='bbox 257 2813 381 2845; x_wconf 83' lang='lat' dir='ltr'>Lansd.</span> <span class='ocrx_word' id='word_1_259' title='bbox 398 2812 464 2844; x_wconf 82' lang='lat' dir='ltr'>and</span> <span class='ocrx_word' id='word_1_260' title='bbox 480 2813 568 2845; x_wconf 86' lang='lat' dir='ltr'>Cott.</span> <span class='ocrx_word' id='word_1_261' title='bbox 584 2813 690 2852; x_wconf 80' lang='lat' dir='ltr'>Vesp.</span> 
     </span>
    </p>
   </div>
   <div class='ocr_carea' id='block_1_10' title="bbox 1533 1788 1593 1814">
    <p class='ocr_par' dir='ltr' id='par_1_12' title="bbox 1533 1788 1593 1814">
     <span class='ocr_line' id='line_1_39' title="bbox 1533 1788 1593 1814; baseline 0.017 -1"><span class='ocrx_word' id='word_1_262' title='bbox 1533 1788 1593 1814; x_wconf 83' lang='lat' dir='ltr'>fail.</span> 
     </span>
    </p>
   </div>
  </div>
 </body>
</html>
