2004 3272
349 443 467 469 denrd
482 443 505 469 1.

332 514 334 516 v
348 477 382 502 A.
393 477 428 501 ι).
443 477 516 502 1291.

546 319 604 361 23
1041 327 1316 359 onnomcon

548 434 791 487 plurimum
830 430 1088 473 Babilonici
1127 431 1431 484 persecutoris
1475 430 1801 471 ‘immanitas'¹

549 499 857 540 Christianum
892 496 1162 548 sanguinem
1198 497 1396 538 sitientis
1433 497 1551 538 etin
1583 495 1803 538 Christia-

547 563 706 605 nitatis
722 561 1038 604 exterminium
1056 561 1305 614 aspirantis
1326 567 1598 612 extremum‚
1615 575 1711 602 suae
1731 574 1803 602 ne-

546 629 695 670 sandae
718 627 935 681 potentiae
954 626 1140 676 viribus,
1163 627 1400 668 innumera
1419 627 1633 668 videlicet
1650 627 1802 667 multi-

545 694 699 735 tudine
724 697 1017 741 armatorum,
1041 691 1261 733 machinis
1283 691 1506 745 plurimis,
1532 696 1578 733 et
1602 692 1704 732 aliis
1737 692 1802 732 in-

545 758 810 800 strumentis
844 757 1035 807 bellicis,
1055 757 1348 810 congregatis
1378 761 1539 798 contra
1567 757 1801 798 civitatem

545 823 848 874 Aconensem,
871 836 953 876 pro
983 822 1116 876 cujus
1141 823 1335 864 tuitione
1366 821 1691 871 continuanda,
1716 822 1805 863 sic-

545 894 597 930 ut
615 895 813 931 vestram
840 902 930 930 non
963 888 1190 930 credimus
1212 888 1356 929 latere
1375 887 1666 937 ‘notitiam,'²
1687 900 1804 941 prae-

545 955 668 996 dicta
698 954 889 996 ecclesia
910 954 1091 995 labores
1110 954 1346 1007 plurimos,
1361 966 1493 995 curas
1528 954 1804 1002 innumeras,

546 1025 592 1061 et
617 1021 777 1073 gravia
809 1033 948 1061 onera
976 1019 1165 1072 pertulit
1201 1032 1521 1073 expensarum,
1552 1019 1717 1060 saltem
1751 1024 1804 1060 ut

545 1091 790 1140 expectare
820 1084 1045 1126 sufficeret
1070 1085 1273 1138 passagii
1306 1085 1532 1138 generalis
1555 1085 1804 1126 adventum

543 1151 590 1192 in
620 1151 765 1204 galeis
797 1151 989 1205 aliisque
1014 1151 1137 1192 vasis
1170 1150 1424 1200 maritimis,
1445 1150 1580 1204 copia
1609 1149 1804 1191 bellato-

543 1230 642 1258 rum
683 1222 730 1259 et
764 1216 901 1258 etiam
936 1216 1230 1270 pecuniarum
1264 1217 1453 1257 summis
1490 1215 1803 1257 subveniendo

542 1282 753 1332 sollicite,
776 1287 912 1335 prout
942 1282 1176 1335 suggessit
1210 1282 1377 1323 exinde
1408 1281 1623 1323 nuntiata
1653 1293 1804 1322 neces-

543 1348 673 1398 sitas,
696 1352 742 1389 et
762 1348 901 1389 series
922 1361 1061 1401 super
1081 1347 1167 1389 hoc
1188 1348 1355 1389 oblatae
1379 1347 1550 1401 pluries
1571 1346 1804 1401 petitionis

543 1414 716 1467 exegit,
735 1414 782 1454 in
804 1414 874 1455 ira
902 1414 1158 1467 spirituque
1181 1413 1348 1454 furoris
1373 1413 1639 1467 procedens,
1661 1412 1801 1454 hosti-

542 1478 646 1520 liter
668 1480 903 1521 civitatem
938 1480 1086 1532 ipsam
1122 1479 1267 1520 multo
1296 1491 1456 1520 revera
1490 1478 1660 1532 populo
1685 1491 1803 1531 prae-

542 1544 698 1597 ditam‚
741 1545 897 1585 multae
936 1544 1187 1585 nobilitatis
1243 1544 1391 1585 titulis
1439 1544 1720 1596 insignitam,
1758 1549 1804 1585 et

545 1610 767 1651 bonorum
812 1609 1044 1650 affluentia
1092 1610 1373 1663 opulentam,
1424 1622 1526 1663 quae
1548 1660 1554 1667 .
1578 1610 1805 1650 universis

547 1674 830 1717 Christicolis
851 1676 1095 1716 transitum
1128 1675 1186 1716 ad
1218 1680 1374 1728 partes
1405 1675 1509 1716 illas
1533 1675 1806 1716 habentibus

545 1741 833 1793 potissimum
861 1746 907 1782 et
929 1741 1179 1794 principale
1203 1741 1429 1794 refugium
1457 1740 1701 1791 existebat,
1725 1742 1805 1782 ob-

547 1806 681 1856 sedit,
702 1820 803 1847 eam
833 1811 1087 1860 angustans
1108 1807 1277 1860 aptius,
1298 1820 1352 1847 ae
1375 1808 1523 1860 ipsam
1546 1821 1636 1848 non
1660 1807 1803 1848 modi—

546 1884 645 1912 cam
681 1872 880 1913 fidelium
912 1872 1105 1926 copiam,
1138 1876 1248 1913 tunc
1274 1872 1384 1913 inibi
1422 1873 1712 1923 morantium,
1739 1874 1805 1914 sic

546 1936 729 1990 injustis
753 1943 799 1979 et
819 1937 1029 1979 invalidis
1059 1942 1072 1960 ‘
1089 1938 1521 1992 impugnationibus'
1535 1937 1551 1960 ³
1572 1938 1804 1980 machina-

546 2015 645 2042 rum
666 2003 922 2057 ictibusque
954 2003 1193 2044 missilium
1225 2003 1463 2057 modisque
1495 2004 1597 2045 aliis
1629 2004 1805 2045 bellicis

544 2080 627 2120 per
661 2082 751 2109 non
786 2069 950 2110 modici
988 2070 1204 2122 temporis
1236 2070 1435 2123 spatium
1465 2070 1538 2110 die
1576 2075 1804 2123 noctuque

544 2132 790 2174 insultibus
813 2134 1026 2176 violentis
1050 2135 1264 2187 impetiit,
1280 2135 1548 2189 cunctisque
1565 2136 1806 2177 conatibus

543 2198 849 2241 indesinenter
882 2200 1126 2254 oppressit,
1168 2200 1290 2254 quod
1323 2214 1422 2242 eam
1457 2201 1656 2255 tandem,
1679 2202 1805 2242 inco-

543 2263 690 2304 larum
718 2265 861 2318 ipsius
891 2270 937 2307 et
972 2272 1238 2308 caeterorum
1267 2271 1378 2307 tunc
1409 2267 1575 2308 ibidem
1601 2280 1803 2320 praesen-

542 2330 655 2370 tium
683 2331 857 2372 viribus
892 2332 1122 2384 superatis
1156 2331 1204 2372 in
1238 2345 1347 2373 arcu
1386 2336 1431 2373 et
1466 2332 1682 2385 pharetra
1711 2333 1806 2373 fur-

542 2396 724 2436 entibus
779 2397 946 2449 gladiis
984 2397 1338 2451 comprehendit.
1428 2397 1485 2438 In
1530 2397 1663 2452 cujus
1708 2404 1799 2439 tam

542 2461 730 2511 sinistri,
753 2467 845 2503 tam
875 2462 1056 2513 flebilis,
1078 2468 1264 2517 tamque
1286 2462 1486 2504 dolorosi
1520 2468 1709 2504 eventus
1732 2476 1804 2504 ar-

543 2526 701 2577 ticulo,
733 2541 835 2570 cum
870 2529 1142 2582 religionum
1177 2528 1361 2570 Christo
1383 2529 1675 2570 militantium
1712 2529 1804 2570 fra-

543 2596 635 2632 tres
687 2594 855 2647 aliique
897 2595 1220 2648 quamplurimi
1270 2594 1409 2635 armis
1461 2595 1669 2644 accincti,
1719 2595 1804 2635 viri

591 2707 598 2725 ¹
624 2709 869 2750 ‘unanimitas,’
919 2711 1018 2743 MSS.
1065 2710 1152 2743 Con.
1234 2708 1247 2728 ³
1268 2710 1590 2750 ‘impugnantibus,¹
1619 2711 1692 2742 MS.
1716 2711 1802 2743 Coll.

540 2755 635 2786 Arm.
652 2755 717 2785 and
733 2755 819 2787 Cott.
831 2757 907 2789 Tib.
1186 2757 1294 2795 Arm.;
1308 2757 1318 2774 ‘
1329 2756 1803 2797 oppugnantibus,’Ms.Cott.

586 2797 599 2816 ²
620 2800 630 2817 ‘
641 2803 876 2842 praesentiam,'
892 2803 964 2835 MS.
977 2803 1064 2836 Cott.
1074 2803 1150 2835 Tib.
1184 2803 1259 2835 Tib.
