2038 3306
534 284 623 327 360
1024 298 1304 331 cunci-neon

327 707 438 738 besiege

327 742 470 772 Toumar·
545 731 661 773 ciam
700 730 910 780 intravit,
940 730 1074 772 villas
1118 731 1363 773 nonnullas
1402 731 1612 773 incendio
1654 731 1803 772 defor-

545 796 706 847 mavit,
746 795 884 838 blada
928 796 1147 847 vastavit,
1189 797 1372 851 praedas
1409 797 1522 851 egit,
1569 796 1805 839 civitatem

547 863 885 908 Tornacensem
914 862 1190 904 victualibus
1219 868 1265 905 et
1296 864 1486 906 armatis
1516 864 1686 918 optime
1707 875 1807 904 mu-

547 930 689 970 nitam
731 928 925 970 obsedit.
995 928 1102 971 Rex
1145 934 1297 971 autem
1344 929 1564 979 Franciae,
1613 929 1807 971 collecto

548 994 755 1040 exercitu
771 994 903 1048 quasi
922 994 1255 1045 innumerabili,
1272 1000 1318 1037 et
1337 996 1505 1037 nostris
1528 995 1808 1049 temporibus

549 1060 773 1110 inaudito,
802 1061 942 1115 Juxta
959 1060 1222 1102 Tornacum
1247 1061 1302 1102 ad
1326 1062 1415 1103 tria
1440 1061 1667 1111 milliaria,
1686 1073 1810 1114 aqua

550 1126 778 1180 profunda
809 1131 1056 1180 utrumque
1089 1127 1340 1168 exereitum
1377 1131 1657 1176 secernente,
1691 1127 1811 1176 loco,

552 1198 603 1233 ut
638 1192 885 1240 ferebatur,
921 1191 1164 1245 paludibus
1209 1193 1526 1246 circumsepto,
1565 1198 1812 1233 castrame-

336 1265 504 1324 atgagg}
554 1262 679 1299 tatus
709 1263 795 1300 est.
867 1257 1088 1308 Tandem,
1125 1258 1354 1299 mediante
1395 1258 1624 1312 praecipue
1670 1258 1811 1300 comi-

554 1325 668 1365 tissa
705 1322 958 1364 Hanoniae¹
996 1328 1143 1365 matre
1175 1324 1345 1377 reginae
1381 1323 1580 1377 Angliae,
1617 1324 1811 1379 adjectis

554 1389 890 1431 conditionibus
932 1389 1089 1430 multis
1122 1391 1407 1444 captivisque
1443 1391 1621 1431 interim
1669 1390 1815 1444 partis

554 1456 793 1509 utriusque
815 1456 955 1496 libere
978 1455 1193 1506 dimissis,
1215 1470 1360 1510 usque
1385 1456 1440 1497 ad
1466 1456 1632 1498 festum
1655 1456 1814 1498 Sancti

555 1521 780 1563 «Iohannis
821 1521 1047 1575 Baptistae
1085 1522 1210 1563 initae
1252 1528 1361 1563 sunt
1404 1521 1614 1575 treugae-,²
1649 1523 1815 1575 quibus

558 1588 727 1641 elapsis
748 1600 953 1641 paceque
988 1588 1110 1629 inter
1139 1601 1270 1641 reges
1305 1589 1502 1630 nonduin
1534 1588 1651 1630 forte
1673 1587 1815 1629 refor-

559 1658 699 1703 mata,
723 1653 895 1707 captivi
930 1653 1130 1695 redirent
1166 1654 1222 1694 ad
1262 1667 1482 1704 carcereS‚
1503 1654 1576 1695 vel
1610 1654 1816 1708 redemp-

560 1720 707 1760 tiones
763 1719 994 1761 solverent
1042 1724 1345 1772 praetaxatas.
1416 1720 1582 1774 Sicque
1624 1720 1815 1761 comites

560 1785 651 1826 duo
676 1784 839 1826 Sarum
874 1789 920 1826 et
949 1785 1209 1835 Southfolk,
1231 1787 1309 1840 qui
1341 1785 1511 1827 dudum
1534 1799 1637 1827 cum
1657 1786 1818 1839 paucis

562 1850 685 1891 villae
714 1852 817 1903 quae
849 1849 1037 1892 Insula³
1064 1851 1231 1893 dicitur
1260 1852 1409 1893 minus
1442 1852 1631 1905 provide
1653 1865 1820 1905 appro-

561 1916 754 1969 piantes,
780 1929 808 1957 a
830 1916 920 1958 loci
949 1917 1111 1958 incolis
1133 1917 1297 1958 inclusi
1319 1923 1428 1958 sunt
1460 1922 1507 1959 et
1527 1918 1667 1971 capti,
1690 1917 1819 1959 Pari-

560 1983 747 2035 siusque
760 1981 837 2022 diu
854 1983 1073 2023 carcerali
1086 1983 1294 2025 custodia
1307 1983 1493 2034 detenti,
1509 1983 1633 2025 initis
1647 1983 1820 2036 treugis

560 2048 702 2089 libere
753 2048 929 2089 dimissi
977 2047 1196 2101 Angliam
1242 2050 1488 2091 redierunt.
1591 2050 1821 2091 Ferebant

562 2114 678 2154 enim
700 2114 922 2164 nonnulli,
945 2115 1151 2168 pecuniae
1165 2116 1365 2170 inopiam
1386 2115 1642 2168 Anglorum
1665 2128 1820 2169 regem

555 2179 803 2233 >plurimum
846 2185 1134 2229 coarctasse;
1173 2181 1212 2222 si
1249 2183 1369 2223 enim
1398 2181 1603 2223 thesauri
1639 2182 1820 2236 copiam

562 2245 813 2295 habuisset,
851 2251 1040 2299 treugas
1081 2246 1173 2287 illis
1210 2260 1302 2289 non
1340 2247 1655 2289 concessisset.
1727 2247 1821 2299 Po-

562 2316 718 2353 suerat
732 2324 915 2366 quoque
935 2312 983 2353 in
1004 2325 1145 2365 regno
1167 2326 1252 2354 suo
1273 2313 1485 2355 custodes
1510 2319 1555 2355 et
1575 2314 1821 2364 ministros,

563 2377 769 2419 avaritiae
799 2391 909 2428 suae,
942 2383 995 2420 ut
1018 2379 1273 2429 videbatur,
1309 2380 1616 2429 consulentes,
1650 2379 1823 2434 profec-

562 2444 775 2498 tibusque
788 2444 984 2498 propriis
1003 2444 1246 2495 inhiantes,
1267 2446 1347 2499 qui
1363 2446 1526 2487 salutis
1550 2446 1824 2499 honorisque

321 475 442 504 Edward
461 475 519 501 111·
541 467 732 516 Qualiter
751 466 840 508 Rem
854 465 1020 523 Anyliae
1035 466 1215 509 Gallicis
1226 467 1358 510 multa
1372 468 1499 511 Mala
1514 468 1674 519 intulit,
1693 469 1797 510 Tor·
2008 467 2025 546 ἰ

332 512 367 536 Δ’
382 510 417 536 D'
433 510 508 535 αφ’
559 547 709 576 nacwm
729 532 891 583 obsedit,
916 539 954 575 et
973 533 1022 575 de
1041 533 1198 575 Litoris
1216 534 1323 576 inter
1344 535 1468 591 Reyes
1487 541 1624 577 mutuo
1643 535 1789 577 missis.
2017 536 2038 625 ξ

325 675 386 700 'rho
405 672 525 706 Enzmh
611 664 717 706 Rex
747 662 933 717 Angliae
957 664 1212 706 Edwardus
1240 678 1342 707 cum
1364 678 1449 707 sua
1469 666 1633 707 militia
1657 665 1802 708 Fran·
2024 625 2038 726 ξ

612 2553 620 2574 ¹
643 2555 714 2587 The
745 2556 840 2595 Lady
866 2555 954 2587 Jane
983 2555 1021 2586 of
1046 2555 1175 2594 Valois,
1195 2557 1250 2586 'on
1266 2555 1429 2595 Monday,
1444 2555 1500 2586 the
1517 2556 1598 2586 25th
1620 2556 1659 2587 of
1675 2556 1824 2596 Septem-

563 2602 902 2642 Countess-dowager
926 2601 964 2632 of
998 2601 1176 2641 Hainault,
1210 2602 1281 2640 ber,
1296 2601 1326 2632 is
1342 2602 1440 2641 given
1455 2605 1491 2632 at
1512 2601 1575 2632 full
1591 2603 1625 2632 in
1648 2602 1704 2633 the
1720 2602 1825 2634 Chro-

564 2648 630 2679 and
646 2650 681 2679 at
703 2648 772 2679 this
788 2648 867 2679 time
883 2657 905 2679 a
920 2647 1092 2687 professed
1109 2657 1175 2678 nun
1210 2647 1296 2678 nicle
1332 2647 1371 2678 of
1404 2648 1528 2679 Robert
1563 2647 1601 2679 os
1634 2648 1826 2690 Avesbury,

565 2695 598 2725 in
623 2694 679 2725 the
709 2694 831 2734 Abbey
853 2693 892 2725 of
923 2694 1109 2725 Fountaine
1134 2703 1178 2725 au
1211 2704 1246 2733 p.
1263 2695 1317 2726 65.

564 2741 710 2772 Tartres.

612 2784 625 2804 2
646 2786 717 2818 The
733 2786 816 2818 form
832 2786 870 2818 of
882 2786 949 2818 this
963 2789 1069 2827 truce,
1080 2786 1181 2817 dated
1262 2783 1274 2802 ³
1298 2785 1400 2818 Lisle.
