2038 3306
454 334 680 366 wAL‘rssm
716 335 776 365 on
808 335 1183 368 HEMmGBURcH.
1370 327 1456 369 129

188 432 393 476 liolensis
437 437 681 491 episcopus
722 443 768 479 et
809 438 963 479 caeteri
1001 438 1087 479 viri
1130 438 1210 492 qui
1250 451 1353 480 cum
1397 451 1452 480 eo

187 505 321 541 erant
343 501 390 542 in
423 502 635 556 praesidio
668 504 870 545 civitatis
901 504 1108 559 ejusdem
1141 509 1187 547 et
1215 505 1372 555 castri,
1396 506 1451 547 ti-

187 572 363 608 mentes
412 569 468 610 de
518 569 790 612 infidelitate
840 576 887 612 et
930 571 1242 613 inconstantia
1281 571 1452 613 domini

191 631 385 675 Roberti
421 635 477 676 de
515 636 667 690 Bruys
699 636 916 691 junioriS‚
955 637 1134 678 comitis
1169 637 1226 678 de
1270 637 1451 688 Carrik,

188 699 412 742 miserunt
451 710 671 744 vocantes
722 716 844 752 eum,
892 707 944 744 ut
992 708 1119 745 certo
1165 703 1238 745 die
1275 705 1452 746 veniret

190 769 471 808 tractaturus
498 781 599 809 cum
634 769 700 810 eis
731 769 788 811 de
822 769 1020 822 negotiis
1058 769 1195 822 regis,
1220 769 1260 811 si
1294 774 1451 814 tamen

188 831 235 872 in
260 831 348 874 fide
372 834 518 888 ipsius
549 835 671 888 regis
691 834 1029 888 perseverando
1063 841 1286 878 maneret.
1357 836 1451 888 Qui

188 898 419 940 mandatis
456 901 669 942 resistere
703 914 793 942 non
830 900 1019 950 audenS,
1048 901 1174 943 venit
1207 902 1263 943 ad
1300 902 1451 956 ipsum

188 963 308 1005 diem
354 978 455 1006 cum
506 967 609 1020 ipso
659 967 831 1021 populo
881 966 1166 1015 Galewaliae‚
1218 973 1265 1009 et
1314 981 1453 1022 super

187 1037 484 1073 sacrosancta
517 1033 741 1087 mysteria
764 1032 956 1087 juravit,
992 1037 1040 1075 et
1071 1046 1211 1087 super
1245 1033 1450 1087 gladium

186 1097 335 1138 sancti
365 1097 557 1140 Thomae
587 1099 899 1154 juramentum
930 1099 1166 1153 praestitit,
1196 1100 1322 1154 quod
1350 1102 1451 1155 regi

189 1167 348 1205 nostro
385 1171 432 1206 et
465 1166 561 1207 suis
596 1170 758 1207 contra
784 1165 947 1207 Scotos
980 1170 1028 1207 et
1055 1179 1213 1208 omnes
1240 1166 1450 1210 inimicos

188 1241 297 1270 suos
339 1229 534 1273 fideliter
568 1232 804 1274 assisteret
837 1232 886 1273 in
919 1232 1121 1274 consiliis
1157 1238 1204 1275 et
1242 1233 1448 1285 auxiliis,

189 1295 449 1350 damnaque
483 1311 569 1340 sua
608 1298 850 1352 impediret
878 1299 925 1340 in
958 1304 1182 1352 quantum
1210 1312 1260 1340 se
1295 1306 1451 1354 posset

187 1374 274 1403 sua
301 1362 496 1405 facultas
517 1365 791 1413 extendere;
830 1365 1045 1419 factoque
1072 1365 1355 1420 juramento,
1378 1380 1448 1408 re-

188 1441 349 1470 versus
363 1433 375 1451 ‘
386 1430 471 1471 est’
483 1430 494 1452 ¹
513 1431 561 1472 in
576 1431 727 1472 locum
746 1444 896 1481 suum,
910 1436 956 1473 et
968 1436 1248 1485 congregato
1260 1433 1451 1486 populo,

188 1499 242 1535 ut
272 1495 469 1538 colorem
500 1497 710 1550 fingeret,
731 1498 957 1551 processit
983 1499 1028 1539 in
1063 1502 1211 1540 terras
1243 1499 1451 1552 praedicti

188 1560 411 1603 Willelmi
440 1563 669 1616 Douglas,
703 1569 750 1605 et
783 1569 961 1617 partem
1001 1576 1157 1605 earum
1199 1565 1451 1607 combussit

186 1626 298 1679 igni,
330 1633 376 1669 et
407 1642 599 1671 uxorem
622 1629 723 1684 ejus
756 1634 804 1671 et
832 1629 1051 1684 parvulos
1075 1642 1230 1671 secum
1258 1631 1453 1673 adduxit

186 1693 234 1733 in
259 1693 444 1736 Vallem
471 1694 712 1738 Anandiae.
784 1695 890 1739 Cito
927 1701 1080 1738 tamen
1115 1701 1238 1750 post,
1276 1697 1384 1738 dum
1424 1711 1452 1739 a

187 1760 527 1814 conspiratione
562 1762 803 1804 Scotorum
827 1767 1134 1805 reverteretur
1157 1763 1214 1804 ad
1248 1763 1451 1817 propria,

187 1828 456 1869 convocatis
498 1828 720 1871 militibus
760 1830 905 1883 patris
947 1829 1018 1871 sui
1057 1829 1115 1871 de
1151 1833 1276 1871 terra
1297 1829 1451 1872 Vallis

188 1891 415 1935 Anandiae
449 1893 580 1951 (nam
609 1901 741 1950 pater
769 1896 916 1950 ipsius
949 1896 997 1937 in
1027 1895 1309 1938 australibus
1344 1909 1450 1950 par-

190 1959 314 2001 tibus
368 1959 554 2014 Angliae
606 1975 781 2003 moram
832 1962 1047 2013 faciebat,
1091 1962 1229 2017 hujus
1275 1961 1450 2005 fraudis

191 2024 414 2082 nescius),
456 2027 576 2070 dixit
623 2029 706 2079 eis,
747 2033 777 2051 “
804 2028 1043 2071 Carissimi
1083 2028 1187 2078 mei,
1221 2029 1374 2079 sciti-³,
1404 2034 1451 2071 et

189 2104 350 2134 verum
393 2098 480 2143 est,
522 2094 645 2148 quod
687 2108 833 2148 nuper
870 2095 991 2149 apud
1032 2094 1285 2136 Carliolum
1321 2094 1450 2148 jura—

190 2163 393 2200 mentum
423 2160 636 2213 praestiti,
659 2160 716 2202 de
744 2174 834 2215 quo
856 2161 983 2202 scitis
1005 2165 1052 2202 et
1079 2160 1302 2212 audistis3
1335 2161 1451 2202 stul-

190 2229 288 2265 tum
324 2225 507 2278 quidem
544 2231 591 2267 et
612 2227 655 2267 vi
687 2231 936 2276 extortum,
967 2239 1074 2268 nam
1097 2227 1262 2268 timore
1282 2227 1449 2271 ductus

188 2290 273 2331 hoc
301 2291 387 2332 feci
413 2304 618 2345 corpore,
641 2292 719 2334 sed
752 2306 842 2334 non
865 2298 1032 2343 mente,
1061 2292 1183 2334 unde
1203 2293 1450 2335 contristor

187 2363 233 2398 et
270 2357 472 2411 poeniteo
497 2358 659 2410 valde3
692 2372 828 2412 spero
858 2364 1013 2400 tamen
1046 2372 1118 2400 me
1149 2358 1448 2401 absolutionis

186 2423 454 2464 beneficium
490 2430 842 2466 consecuturum
863 2425 910 2466 in
932 2425 1074 2467 brevi.
1138 2424 1315 2467 Verum
1340 2425 1450 2479 quia

184 2502 368 2531 carnem
391 2502 522 2531 suam
548 2504 681 2532 nemo
703 2504 904 2545 unquam
930 2491 1034 2533 odio
1059 2491 1237 2541 habuit,
1257 2503 1340 2533 nec
1361 2503 1448 2544 ego

184 2554 346 2607 habeo,
373 2562 556 2610 oportet
580 2562 633 2598 ut
665 2558 831 2599 vadam
864 2557 922 2599 ad
953 2557 1175 2612 populum
1202 2570 1368 2607 meum,
1400 2562 1447 2601 et

186 2623 362 2663 nationi
395 2635 508 2664 meae
547 2623 778 2678 adjungar
805 2637 865 2665 ex
899 2636 993 2677 qua
1023 2628 1293 2678 procreatus
1328 2636 1446 2668 sum.

185 2687 322 2742 Rogo
354 2693 506 2731 autem
541 2702 624 2731 vos
645 2694 696 2732 ut
726 2690 838 2732 illud
862 2690 981 2732 idem
1003 2690 1240 2739 facientes,
1264 2689 1448 2743 placeat

546 2839 554 2859 ¹
578 2841 743 2882 Supplied
758 2841 840 2874 from
858 2841 935 2874 MS.
952 2841 1041 2874 Cott.
1057 2841 1131 2873 Tib.

252 2917 355 2947 von.
382 2918 429 2946 11.
1024 2906 1036 2916 '
1216 2918 1241 2946 K

1489 453 1608 480 Edwnrd
1627 453 1651 480 1.

1487 488 1522 513 A.
1533 488 1568 513 D.
1582 487 1659 513 1297.

1469 545 1573 571 Afl‘airs
1585 544 1617 568 of

1470 578 1612 605 scotland.

1470 631 1580 661 Perfidy
1592 629 1623 653 of

1470 665 1575 690 Robert
1587 663 1622 687 de

1470 699 1555 724 Brun.
