2038 3306
492 290 720 321 WALTEm
754 291 816 321 DE
847 291 1223 323 HEM1NGBURGH.
1401 282 1494 324 375·

223 393 343 434 sicut
378 394 530 444 decet,
545 396 604 436 ab
626 396 869 438 exactione
899 397 1070 438 residui
1102 397 1291 438 decimae
1323 395 1486 437 ultimo
1502 403 1703 462 nggrdwlfflt-

221 459 286 499 sic
321 472 550 501 concessae
573 462 870 514 supersedere
899 463 946 504 in
970 463 1095 504 dicta
1119 467 1274 504 vestra
1297 461 1485 502 dioecesi
1499 491 1560 517 The
1572 492 1662 518 mh,

220 524 399 566 faciatis
422 527 621 577 omnino,
642 540 879 582 quousque
915 529 1050 570 fidem
1081 540 1266 570 servare
1292 526 1484 581 promis·
1499 525 1696 589 {mmm

220 602 316 631 sam
339 590 536 633 feceritis
557 593 604 634 in
625 595 888 646 praemissis.
960 594 1151 636 Nullam
1183 593 1405 635 decimam
1435 592 1482 633 in
1499 589 1684 655 ξξζξξιξοοξὴθ

219 656 392 699 virtute
425 659 735 700 concessionis
766 660 997 713 praedictae
1019 672 1048 701 a
1071 659 1277 713 praelatis
1301 663 1348 700 et
1371 658 1482 700 viris
1498 656 1626 682 “⁰⁶⁰⁰-

219 722 541 765 ecclesiasticis
571 724 706 766 dictae
742 730 908 766 vestrae
938 726 1152 766 dioecesis
1187 725 1267 779 qui
1299 735 1482 774 nonam,

219 793 271 829 ut
306 790 614 841 praemittitur,
646 790 825 832 solvere
855 796 966 832 sunt
999 791 1176 832 astricti
1209 790 1482 832 exhibentes

216 852 360 895 levari
394 860 476 896 aut
510 856 635 908 exigi
667 856 904 906 facientes,
927 869 1030 897 cum
1054 869 1082 897 a
1106 856 1293 897 decimae
1316 855 1478 909 hujus-

216 919 339 960 modi
362 932 591 961 concessae
609 922 903 974 praestatione
923 922 1014 963 sint
1033 922 1164 963 liberi
1189 927 1236 963 et
1255 922 1481 962 immunes

217 997 318 1026 esse
349 985 543 1027 debeant
568 999 627 1027 ex
652 986 878 1028 condicto.
939 987 1000 1028 Et
1023 987 1132 1040 quid
1155 987 1370 1036 feceritis,
1393 991 1481 1028 eto.

218 1050 328 1092 Dat.
349 1051 469 1093 etc.’'

246 1198 434 1250 Qualiter
452 1198 798 1255 Arokiepisoopus
821 1199 1166 1240 excommunicari
1184 1198 1294 1253 fhcit
1319 1199 1447 1240 Pacis

265 1264 577 1307 Perturbatores
597 1271 634 1306 et
654 1264 892 1321 Privileqia
912 1264 1104 1306 Ecclesiae
1126 1264 1422 1320 Infrinyentes.

282 1380 412 1422 Misit
465 1385 619 1422 autem
656 1379 1030 1433 archiepiscopus
1069 1378 1127 1420 ad
1174 1391 1332 1420 omnes
1370 1391 1476 1420 con·
1493 1390 1631 1416 sentence
1643 1390 1675 1416 or

211 1445 378 1487 fratres
417 1459 526 1488 suos
572 1451 619 1487 et
661 1445 977 1498 suffraganeos
1015 1449 1069 1486 ut
1103 1449 1149 1486 et
1180 1444 1271 1498 ipsi
1299 1445 1347 1485 in
1380 1445 1476 1486 suis
1492 1424 1686 1496 gnteissgnmum.

212 1511 487 1553 dioecesibus
513 1517 560 1553 et
580 1512 694 1553 locis
718 1511 914 1563 singulis
939 1511 1211 1560 sententias,
1232 1514 1285 1552 ut
1311 1511 1472 1552 subse-
1491 1490 1668 1562 ῗῗὲῗὲᾗῗιξᾎῗ·

213 1578 383 1631 quitur,
410 1578 589 1631 publice
621 1577 982 1631 promulgarent.
1053 1580 1083 1598 “
1098 1576 1128 1618 J
1133 1576 1351 1626 ohannes,
1372 1589 1474 1630 per·
1490 1556 1676 1614 manahem&

210 1643 425 1685 missione
473 1644 641 1695 divina,
687 1642 1032 1685 Cantuariensis
1086 1642 1475 1695 archiepiscopus,
1491 1622 1614 1648 ⁰¹¹¹¹¹⁰¹¹‘

211 1710 353 1751 totius
374 1709 558 1762 Angliae
579 1709 767 1763 primas,
788 1713 835 1750 et
855 1708 1121 1762 apostolicae
1140 1708 1261 1749 sedis
1277 1708 1474 1760 legatus,

211 1776 460 1817 venerabili
475 1776 607 1817 fratri
631 1779 803 1825 nostro,
823 1779 910 1816 etc.
942 1774 1249 1816 Sacrosancta
1262 1773 1474 1824 ecclesia,

210 1854 314 1895 quae
358 1842 493 1883 debet
530 1832 674 1883 libera
706 1854 821 1891 esse,
866 1840 1006 1882 variis
1047 1840 1365 1883 exactionibus
1399 1841 1471 1881 iu-

209 1907 360 1949 debite
384 1913 430 1949 et
454 1908 657 1960 angariis
679 1907 858 1948 infestis
878 1906 1154 1960 opprimitur
1173 1905 1261 1946 hiis
1281 1906 1443 1948 diebus
1460 1918 1472 1956 ;

210 1973 344 2027 cujus
381 1973 518 2023 bona,
562 1973 620 2014 ad
659 1985 764 2026 quae
806 1972 926 2013 laica
962 1984 1127 2012 manus
1164 1983 1256 2012 non
1288 1970 1475 2013 deberet

210 2039 410 2088 extendi,
462 2051 546 2092 pro
606 2038 737 2080 libito
791 2037 1069 2091 diripiuntur
1124 2036 1172 2077 in
1237 2036 1469 2090 praedam3

209 2105 451 2158 clerusque
491 2109 661 2146 nostrae
701 2103 1048 2146 cantuariensis
1079 2102 1329 2156 provinciae
1362 2115 1473 2144 vex-

210 2177 316 2212 atur
357 2171 545 2224 injuste,
587 2183 642 2211 ac
682 2170 905 2223 probroso
956 2173 1223 2221 contemptu
1263 2168 1475 2222 nequiter

210 2236 537 2288 conculcatur3
573 2236 774 2290 justitia,
811 2248 915 2289 quae
946 2234 1261 2288 principaliter
1293 2234 1473 2275 elucere

210 2303 407 2352 deceret,
439 2307 485 2344 et
512 2315 617 2356 quae
651 2302 837 2355 regibus
870 2301 951 2342 dat
985 2312 1178 2353 regnare
1213 2312 1268 2341 ac
1301 2300 1472 2353 populo

209 2369 409 2422 quietem
430 2373 663 2422 praeparat
685 2372 1008 2421 opportunam,
1035 2366 1190 2407 debito
1220 2366 1349 2407 cultu
1379 2379 1471 2407 non

208 2435 391 2484 colitur,
414 2434 495 2476 sed
528 2434 587 2476 ad
621 2433 813 2488 injurias
851 2437 896 2474 et
933 2431 1252 2486 oppressiones
1288 2431 1470 2485 iniquas

205 2501 452 2542 multorum
475 2501 667 2542 fraenum
682 2499 1089 2551 laxaturimpune.
1134 2496 1253 2544 Nos,
1274 2510 1466 2552 oppres-

207 2580 365 2608 sorum
404 2567 650 2620 gemitibus
691 2570 883 2619 paterno
915 2564 1247 2618 compatientes
1287 2563 1469 2613 affectu,

208 2632 496 2675 attendentes
540 2636 553 2654 ‘
574 2645 628 2674 ac
671 2631 1014 2673 considerantes
1066 2634 1243 2671 attente
1289 2624 1469 2683 quod’¹

524 2780 532 2799 ¹
558 2781 726 2822 Supplied
743 2781 827 2812 from
844 2779 920 2812 MS.
937 2778 1037 2812 Harl.
1054 2781 1130 2810 665.
