2038 3306
453 335 678 366 WAmssm
712 335 774 365 DE
805 335 990 366 numme
1001 335 1179 366 nuncu.
1366 322 1449 363 131

189 451 271 493 per
299 444 478 493 tempus
510 438 712 492 aliquod,
734 443 780 480 et
807 439 1060 493 periculum
1082 451 1216 480 suum
1241 450 1321 479 ore
1341 449 1448 490 pro·
1483 445 1646 503 gagaggi

189 505 289 559 prio
331 506 595 555 enarravit;
641 505 797 547 retulit
843 506 979 546 etiam
1026 505 1156 546 nobis
1195 503 1318 559 quod
1353 508 1447 544 tres
1464 497 1615 558 Ans-anim
1647 494 1655 504 ’

189 571 394 624 Anglici,
427 572 506 624 qui
543 572 590 612 in
622 571 779 613 eadem
824 571 938 613 villa
975 571 1134 613 Sancti
1176 570 1376 612 Andreae
1400 570 1448 610 in
1466 565 1609 592 ⁸⁰⁰‘¹³¹¹‘¹·

188 637 347 679 Scotia
370 638 651 679 mansionem
675 643 990 692 susceperant,
1011 650 1115 679 cum
1137 649 1166 679 a
1186 637 1302 678 facie
1323 636 1448 677 illius

188 703 411 745 Willelmi
434 703 629 758 Walays
650 710 696 746 et
717 717 902 746 suorum
925 703 1153 757 fugissent
1183 704 1231 745 in
1250 702 1448 756 lapidem

188 770 316 810 illum
349 770 526 812 scilicet
561 771 641 824 qui
675 771 844 812 dicitur
882 774 1015 824 petra
1044 769 1119 811 vel
1157 782 1267 811 acus
1301 768 1451 810 sancti

189 835 403 886 Andreae,
440 837 677 878 credentes
707 850 758 878 se
792 849 928 890 posse
963 835 1129 888 lapidis
1162 835 1450 876 immunitate

187 903 354 943 muniri
397 916 501 943 cum
539 907 701 944 sancta
743 906 891 943 mater
929 901 1124 943 ecclesia
1157 901 1450 954 privilegium

187 969 472 1021 perdidisset,
511 981 540 1009 a
575 968 729 1010 Scotis
766 967 961 1009 insecuti
992 971 1102 1009 sunt
1133 971 1179 1008 et
1213 967 1260 1008 in
1291 967 1451 1008 eodem

186 1033 340 1088 lapide
360 1033 604 1076 interfecti.

207 1183 410 1235 Quidam¹
433 1185 646 1227 Scotorum
666 1184 865 1226 dederwnt
883 1199 923 1227 se
942 1185 1093 1227 nostris
1111 1184 1230 1240 apud
1247 1185 1281 1226 I
1278 1199 1431 1240 rewyn.

255 1299 372 1341 Cum
395 1301 453 1342 ad
474 1301 751 1342 audientiam
773 1301 894 1354 regis
915 1302 1061 1343 nostri
1082 1301 1196 1343 talia
1220 1302 1452 1356 pervenis-

188 1371 292 1407 sent
319 1367 376 1408 de
410 1366 533 1408 facili
567 1367 703 1408 fidem
730 1366 894 1408 ‘non'2
929 1367 1153 1418 adhibuit,
1193 1368 1272 1410 sed
1313 1369 1454 1410 misso

192 1432 493 1475 Dunolmensi
514 1434 745 1488 episcopo,
769 1434 988 1488 praecepit
1014 1447 1153 1488 super
1174 1434 1261 1476 hoc
1285 1434 1454 1476 verita-

190 1503 282 1540 tem
316 1500 501 1553 inquiri.
574 1499 668 1551 Qui
699 1500 958 1542 festinando
990 1501 1258 1551 convolans,
1280 1501 1456 1543 invenit

187 1565 525 1607 multitudinem
568 1566 810 1607 Scotorum
852 1566 1173 1619 conglobatam
1211 1566 1285 1608 cui
1319 1567 1455 1608 resis-

185 1635 282 1673 tere
316 1645 407 1673 non
444 1631 659 1682 audebat,
697 1637 744 1673 et
776 1645 989 1674 reversus
1021 1632 1080 1674 ad
1117 1646 1272 1686 regem
1301 1633 1454 1674 omnia

185 1710 267 1752 per
296 1698 500 1739 ordinem
530 1699 780 1740 nunciavit.
851 1698 958 1740 Rex
979 1712 1089 1740 vero
1116 1700 1164 1740 in
1187 1699 1451 1740 Flandriam
1469 1717 1529 1742 The
1542 1716 1620 1749 Χίης

184 1765 319 1818 quasi
340 1765 575 1806 accinctus
600 1765 659 1806 ad
688 1765 792 1815 iter,
812 1765 1136 1807 transfretandi
1166 1765 1452 1820 propositum
1469 1750 1634 1809 ‘iissfffssrm

185 1836 364 1872 mutare
414 1831 576 1881 noluit,
628 1831 708 1873 sed
758 1845 939 1873 omnem
988 1832 1198 1874 militiam
1250 1832 1452 1874 Eborum
1468 1818 1669 1882 {ffiffiffiffimy

187 1898 433 1939 comitatus
455 1910 482 1939 a
504 1897 682 1939 Trenta
713 1911 861 1952 usque
882 1899 930 1939 in
961 1898 1164 1940 Scotiam
1184 1899 1274 1952 ipsi
1296 1898 1453 1942 comiti
1468 1884 1622 1943 ffiismb

188 1963 245 2004 de
276 1963 513 2005 Warenna
554 1965 815 2018 assignans,
856 1965 1075 2019 praecepit
1116 1970 1168 2007 ut
1209 1965 1452 2007 Scotorum

187 2029 428 2071 audaciam
452 2030 710 2072 festinando
733 2031 1016 2085 reprimeret,
1039 2036 1085 2073 et
1109 2036 1321 2073 auctores
1342 2030 1453 2071 mali

186 2096 342 2138 debita
355 2097 540 2151 justitia
567 2097 832 2149 castigaret.
905 2097 1103 2138 Remisit
1126 2097 1264 2138 etiam
1289 2097 1333 2137 in
1363 2101 1454 2137 ter-

185 2175 285 2203 ram
326 2162 493 2204 Scotiae
534 2163 692 2204 ambos
730 2163 834 2204 illos
872 2163 1061 2204 comites
1096 2162 1127 2204 J
1131 2163 1358 2204 ohannem
1397 2162 1454 2203 de

188 2228 473 2282 Badenaugh
509 2233 556 2269 et
585 2229 848 2270 ‚Iohannem
883 2228 940 2270 de
975 2227 1260 2282 ‘Bughan,'³
1291 2228 1453 2283 praeci-

187 2294 316 2347 piens
347 2294 412 2335 eis
444 2295 491 2335 in
522 2294 611 2335 fide
641 2307 727 2336 sua
765 2299 816 2335 ut
847 2294 1097 2336 tumultum
1132 2295 1290 2349 populi
1320 2294 1454 2336 seda·

186 2365 303 2410 rent,
317 2366 363 2402 et
383 2366 620 2402 manerent
640 2361 688 2401 in
709 2360 931 2402 fidelitate
950 2360 1190 2414 promissa.
1243 2360 1453 2413 Quorum

185 2426 262 2468 ille
297 2427 354 2468 de
386 2427 598 2480 Bugban,
631 2427 830 2468 colorem
866 2427 1013 2480 primo
1044 2427 1280 2476 simulans,
1311 2427 1454 2480 coepit

186 2493 432 2547 reprimere
468 2493 755 2547 quorundam
796 2493 1052 2543 audaciam,
1093 2494 1174 2534 sed
1214 2498 1368 2535 tamen
1406 2493 1454 2534 in

187 2559 276 2600 fine
321 2559 471 2601 sactus
515 2564 586 2601 est
636 2560 769 2601 nobis
812 2559 869 2601 de
909 2572 1131 2601 converso
1174 2572 1451 2614 perversus;

232 2768 240 2788 ¹
266 2771 396 2803 Atthis
420 2773 549 2804 section
573 2772 649 2806 MS.
667 2772 801 2805 Cotton.
884 2771 898 2790 ³
918 2773 1030 2813 ‘hiis,’
1042 2773 1118 2806 MS.
1131 2773 1221 2807 Gott.
1231 2774 1392 2815 Vesp.A.
1402 2775 1451 2809 ix.

185 2818 374 2858 Vespasian
390 2818 434 2851 A.
452 2819 501 2850 ix.
517 2828 735 2852 commences.
883 2817 897 2837 ³
918 2820 928 2838 ‘
941 2820 1107 2861 Cohhan:
1123 2820 1198 2853 MS.
1216 2820 1307 2854 Cott.
1322 2821 1428 2862 vesp.

1253 2887 1312 2916 [(2
