2038 3306
503 359 728 390 WALTERI
765 359 825 388 DE
857 359 1233 391 HEMlNGnuncH.
1419 348 1503 388 179

226 462 368 516 juxta
425 462 673 517 Fawkyrk.
767 463 823 504 In
870 463 1034 517 quibus
1080 462 1264 517 quidem
1316 462 1499 505 circulis

1541 468 1659 494 Edward
1673 469 1698 494 1.

1532 501 1567 526 A.
1579 501 1614 526 D.
1630 503 1703 527 1298.

231 528 452 570 sedebant
502 530 589 570 viri
622 529 855 579 lancearii,
895 542 997 570 cum
1037 529 1208 570 lanceis
1247 529 1343 570 suis
1382 529 1498 570 obli·
1514 556 1608 582 Bam,
1620 557 1652 582 ο,

230 594 431 648 qualiter
475 596 640 637 erectis
662 610 673 647 ;
728 595 964 650 conjuncti
1019 595 1202 649 quidem
1253 596 1496 649 unusquis·

231 674 320 714 que
361 661 418 702 ad
453 662 666 712 alterum,
702 666 748 703 et
786 662 932 703 versis
973 661 1177 703 vultibus
1218 662 1265 702 in
1306 662 1499 702 circum-

229 726 469 769 ferentiam
493 728 783 769 circulorum.
855 727 987 769 Inter
1020 727 1215 768 circulos
1237 727 1342 769 illos
1363 732 1497 769 erant

230 795 382 847 spatia
428 794 639 847 quaedam
681 793 967 842 intermedia,
1008 793 1055 833 in
1102 794 1269 846 quibus
1321 798 1494 835 statue-

229 859 399 902 bantur
423 861 510 902 viri
539 859 784 912 sagittarii.
857 859 918 900 Et
948 859 995 899 in
1027 863 1236 900 extrema
1256 867 1389 912 parte
1422 873 1492 900 re-

228 930 428 967 trorsum
442 931 572 967 erant
587 929 844 979 ‘equestres
855 924 881 945 ’¹
896 936 1067 965 eorum.
1102 923 1326 978 Cumque,
1337 925 1494 967 audita

227 991 383 1041 missa,
420 992 518 1044 regi
549 995 706 1032 nostro
731 990 843 1032 talia
877 990 1152 1040 dicerentur,
1175 989 1424 1040 haesitavit,
1447 996 1494 1032 et

226 1058 464 1111 proposuit
500 1062 549 1098 ut
584 1056 782 1098 tentoria
812 1056 1003 1110 figerent
1035 1068 1274 1110 quousque
1306 1061 1491 1109 gustas·

225 1128 327 1164 sent
376 1123 550 1176 aliquid
595 1122 799 1164 homines
840 1127 886 1163 et
919 1122 1146 1176 jumenta.
1218 1121 1264 1163 N
1267 1135 1325 1163 on
1370 1123 1487 1163 enim

225 1194 527 1242 gustaverant
551 1190 609 1230 ab
629 1189 743 1230 hora
763 1189 852 1229 diei
885 1188 1183 1242 praecedentis
1211 1188 1361 1229 tertia.
1422 1186 1488 1230 At

223 1255 291 1295 illi
323 1255 539 1296 dixerunt
571 1256 627 1304 ei,
650 1259 678 1277 “
700 1254 807 1296 Non
839 1259 911 1295 est
934 1267 1147 1296 securum
1180 1254 1283 1304 hoc,
1314 1254 1354 1295 Ο
1387 1267 1486 1304 reX,

225 1321 336 1375 quia
367 1322 487 1362 inter
519 1321 602 1362 hos
632 1321 748 1362 duos
787 1321 1016 1362 exercitus
1046 1333 1138 1361 non
1169 1325 1240 1361 est
1276 1320 1361 1360 nisi
1392 1324 1486 1361 tor·

223 1401 329 1428 rens
351 1387 683 1441 permodicus.”
753 1386 814 1427 Et
833 1387 899 1427 ait
921 1399 1019 1436 reX,
1041 1385 1208 1437 “Quid
1224 1399 1334 1439 ergo
1350 1385 1408 1427 'l''
1440 1391 1486 1427 et

223 1454 452 1507 inquiunt,
470 1457 499 1475 “
513 1453 782 1506 Equitemus
795 1453 843 1493 in
855 1452 1037 1493 nomine
1052 1452 1255 1501 Domini,
1270 1453 1486 1505 quoniam

223 1532 412 1572 campus
432 1524 586 1560 noster
601 1524 671 1560 est
687 1525 732 1559 et
745 1518 936 1559 victoria
958 1518 1165 1559 nostra.”
1219 1518 1278 1559 Et
1295 1518 1360 1559 ait
1382 1531 1483 1568 rex,

223 1589 251 1607 “
265 1585 371 1626 Fiat
387 1598 498 1638 ergo
511 1585 593 1634 sic,
610 1585 656 1625 in
673 1584 854 1625 nomine
865 1583 1020 1625 Patris
1036 1589 1081 1625 et
1099 1583 1206 1624 Filii
1222 1588 1267 1624 et
1284 1583 1483 1637 Spiritus

222 1650 425 1692 Sancti.'’
495 1650 754 1703 Statimque
766 1650 956 1691 comites
977 1650 1138 1703 primae
1159 1649 1286 1698 aciei,
1307 1649 1485 1690 scilicet

221 1729 373 1758 comes
402 1716 716 1766 marescallus,
738 1728 889 1757 comes
913 1715 1239 1757 Herfordensis
1262 1720 1308 1756 et
1333 1727 1484 1756 comes

222 1782 571 1832 Lincolniensis,
588 1782 853 1824 direxerunt
875 1782 1019 1823 aciem
1037 1794 1167 1823 suam
1180 1780 1409 1822 linealiter
1426 1780 1484 1821 ad

221 1849 391 1898 hosteS‚
406 1849 659 1890 nescientes
675 1849 825 1890 lacum
846 1847 1164 1889 intermedium
1178 1851 1225 1888 et
1238 1846 1482 1888 bitumino-

219 1928 335 1958 sum.
400 1914 549 1966 Quem
571 1928 675 1956 cum
699 1914 934 1964 vidissent,
955 1913 1360 1955 circumduxerunt
1379 1926 1481 1954 eum

218 1994 378 2023 versus
402 1981 701 2030 occidentem,
724 1985 771 2022 et
798 1981 863 2021 sic
884 1980 929 2021 in
950 1985 1083 2034 parte
1104 1978 1325 2020 retardati
1349 1983 1478 2020 sunt:

218 2048 339 2089 acies
357 2061 465 2090 vero
489 2046 705 2096 secunda,
726 2046 901 2087 scilicet
917 2045 1245 2087 Dunolmensis
1263 2044 1481 2097 episcopi,

219 2126 322 2166 quae
353 2114 608 2156 constituta
626 2112 774 2153 suerat
797 2125 853 2154 ex
885 2123 1067 2153 xxxvl.
1090 2110 1343 2152 vexillariis
1364 2109 1482 2150 clec-

219 2179 294 2228 tis,
338 2180 486 2220 sciens
534 2178 907 2232 impedimentum
950 2177 1039 2218 laci
1079 2176 1219 2225 illius,
1263 2175 1480 2216 tendebat

217 2245 274 2286 ad
298 2246 518 2286 orientem
551 2251 603 2284 ut
640 2257 742 2284 eum
775 2243 1150 2284 circumduceret.
1224 2240 1376 2292 Quam
1403 2254 1480 2282 su-

217 2324 301 2364 pra
321 2311 507 2352 modum
528 2310 830 2358 festinantem,
849 2314 898 2350 ut
919 2309 1091 2362 primos
1110 2307 1218 2348 belli
1241 2307 1360 2348 ictus
1380 2320 1481 2348 sus-

215 2377 402 2430 ciperet,
439 2390 540 2418 cum
576 2376 674 2429 ipse
705 2376 948 2429 episcopus
979 2373 1236 2428 praestolari
1261 2372 1479 2427 jussisset

217 2456 360 2497 usque
393 2443 450 2484 ad
483 2442 973 2496 appropinquationem
1011 2440 1133 2492 regis
1165 2439 1313 2480 tertiae
1347 2438 1477 2488 aciei,

214 2509 447 2562 respondit
465 2509 506 2550 ei
523 2508 600 2549 ille
622 2507 751 2549 miles
770 2512 985 2548 strenuus
1009 2504 1284 2558 Radulphus
1310 2504 1477 2546 Basset

213 2575 269 2617 de
306 2575 535 2629 Drayton,
571 2580 615 2616 et
650 2574 744 2615 ait:
778 2577 807 2595 “
830 2573 934 2614 Non
970 2577 1041 2614 est
1065 2577 1212 2620 tuum,
1248 2571 1476 2623 episcope,

211 2641 375 2683 docere
399 2654 481 2682 nos
518 2641 566 2681 in
601 2639 816 2694 praesenti
849 2639 905 2680 de
943 2638 1121 2687 militia,
1145 2636 1225 2690 qui
1254 2641 1300 2677 te
1333 2636 1475 2677 intro-

211 2709 392 2749 mittere
427 2707 564 2748 debes
587 2706 643 2747 de
666 2706 817 2746 missa.
890 2704 1071 2754 Vade‚’'
1097 2702 1280 2757 quidem
1313 2702 1477 2755 inquit,

596 2849 604 2868 ¹
630 2851 639 2868 ‘
653 2849 853 2891 pedestres‚'
870 2849 945 2881 MS.
964 2847 1090 2879 Lansd.

1182 2917 1202 2940 η
1227 2911 1248 2941 2

1513 590 1641 616 Falkirk.
