2038 3306
489 314 715 345 WAurEm
755 314 814 344 on
845 314 1219 346 HEMINGBURGH.
1389 305 1477 348 343

213 420 359 461 tribus
389 432 493 461 cum
522 419 687 461 militia
722 425 875 462 vestra
910 425 956 462 et
993 421 1216 470 exercitu,
1246 420 1333 462 sub
1362 433 1470 462 con-

212 485 386 527 ditione
428 486 597 527 bellum
644 486 959 527 committendi
998 499 1102 527 cum
1136 487 1253 540 ipso,
1291 485 1470 527 ardenti

211 550 376 592 affectu
412 565 587 593 moram
627 552 851 593 faceretis.
920 552 1068 606 Super
1101 553 1267 606 quibus
1297 553 1470 602 sciatis,

210 617 331 669 quod
353 618 393 658 si
418 631 560 671 usque
575 617 633 659 ad
655 617 773 658 diem
797 617 1016 659 Mercurii
1036 618 1247 671 proximo
1267 617 1472 659 futurum

210 684 580 736 expectaveritis,
610 683 820 724 dominus
850 696 979 724 meus
1009 696 1093 724 rex
1126 684 1254 725 vobis
1283 684 1350 724 sic
1389 696 1471 738 ap-

210 749 514 800 proximando
543 749 960 798 castrametabitur,
985 749 1108 803 quod
1140 749 1213 791 die
1241 749 1272 791 J
1275 750 1377 791 ovis
1397 749 1472 791 vel

211 813 408 855 Veneris
442 819 679 868 sequente,
721 814 762 855 si
804 819 957 855 tamen
993 815 1042 856 in
1084 814 1187 856 loco
1227 815 1471 864 communi,

209 880 342 932 aquis
390 881 464 922 vel
514 880 618 921 aliis
669 880 1018 933 impedimentis»,
1066 879 1472 933 deceptionibusve

212 945 503 994 notabilibus,
539 945 803 986 nullatenus
825 948 838 967 ‘
857 945 1257 998 impedientibus‚’¹
1279 946 1472 996 fueritis,

209 1010 377 1051 bellum
413 1011 648 1052 vobiscum
706 1011 991 1052 committere
1042 1016 1089 1052 et
1147 1011 1247 1065 ipse
1290 1011 1470 1053 ardenti

208 1075 375 1118 affectu
414 1090 506 1118 non
548 1076 764 1118 tardabit.
855 1076 915 1118 Et
954 1077 1010 1127 si,
1056 1081 1108 1118 ut
1160 1077 1470 1131 proemittitur,

209 1155 382 1183 moram
440 1142 655 1192 feceritis,
701 1155 760 1183 ex
808 1147 940 1196 parte
992 1142 1164 1184 domini
1214 1144 1304 1184 mei
1346 1144 1469 1197 regis

210 1208 331 1260 quod
369 1221 459 1250 non
501 1208 736 1258 deficietis,
771 1209 902 1249 vobis
944 1207 1188 1261 fidejussor
1226 1222 1314 1263 ego
1352 1222 1468 1252 sum.

208 1273 584 1316 Trementissime
625 1273 824 1323 domine,
865 1274 905 1315 si
947 1274 1170 1327 praedicta
1210 1287 1321 1317 vera
1369 1288 1469 1317 esse

210 1352 301 1380 non
338 1340 538 1390 creditis,
577 1340 787 1381 dominus
826 1352 954 1381 meus
1002 1341 1221 1391 Boemiae‚
1257 1341 1468 1382 dominus

205 1405 263 1446 de
292 1405 426 1456 Niez,
447 1406 656 1447 dominus
681 1405 1062 1456 constabularius,
1089 1405 1299 1448 dominus
1338 1420 1467 1448 meus

209 1471 537 1525 Lothoringiae,
567 1473 688 1513 sicut
722 1471 853 1513 vobis
879 1472 1029 1513 scribo
1057 1485 1139 1525 per
1165 1471 1326 1514 literas
1356 1485 1466 1514 suas

206 1541 346 1578 testes
362 1537 486 1578 fient.
555 1537 786 1590 Scriptum
806 1537 930 1590 apud
955 1537 1174 1579 Sanctum
1192 1537 1467 1589 Quintinum

203 1613 324 1643 xvn.
349 1603 422 1644 die
448 1602 662 1644 Octobris
682 1603 731 1643 in
751 1607 902 1644 nocte.

272 1668 531 1722 Responsio
560 1668 734 1710 domini
763 1668 981 1722 Hugonis
1011 1668 1068 1709 de
1100 1667 1305 1719 Geneve,
1329 1668 1467 1723 Jussu

203 1736 323 1787 regis
344 1734 543 1788 Angliae,
568 1734 674 1776 talis
697 1739 811 1775 erat.

271 1800 580 1842 Dilectissime
653 1800 1005 1852 consanguinee,
1065 1799 1226 1842 literas
1291 1806 1468 1842 vestras

204 1867 355 1919 recepi
413 1872 461 1908 et
512 1866 738 1915 intellexi,
780 1865 1242 1920 reverentissimoque
1283 1866 1467 1908 domino

202 1945 304 1973 meo
331 1932 428 1985 regi
452 1931 636 1984 Angliae
657 1931 778 1981 illas,
799 1931 920 1972 sicut
941 1932 1157 1984 rogastis,
1185 1937 1466 1984 praesentare

203 2011 294 2039 non
324 1997 497 2039 distuli.
561 1997 710 2050 Super
745 1997 910 2050 quibus
945 1997 1060 2038 bene
1092 1998 1254 2046 nostis,
1278 2010 1361 2038 nec
1383 2010 1466 2039 vos

204 2063 349 2105 latere
361 2068 374 2086 ‘
385 2063 559 2117 potest'
570 2062 586 2084 ²
601 2075 704 2103 cum
721 2062 950 2104 notorium
965 2063 1026 2103 sit
1042 2066 1088 2103 et
1102 2067 1327 2116 apertum,
1341 2063 1464 2116 quod

202 2142 286 2170 rex
337 2128 521 2183 Angliae
572 2128 784 2169 dominus
834 2140 962 2169 meus
1012 2140 1203 2181 regnum
1255 2128 1464 2170 Franciae

198 2195 404 2245 intravit,
427 2195 667 2247 tribusque
699 2193 968 2247 septimanis
996 2199 1042 2235 et
1069 2193 1268 2247 amplius
1297 2194 1345 2235 in
1379 2194 1460 2236 illo

200 2261 397 2313 mansit3
430 2273 558 2302 mora
578 2272 664 2300 sua
692 2259 760 2301 ita
789 2265 859 2301 est
881 2260 1063 2300 notoria
1084 2264 1130 2301 et
1154 2264 1314 2313 aperta
1338 2261 1461 2315 quod

198 2326 410 2368 dominus
434 2331 585 2368 vester
616 2338 698 2367 rex
722 2325 943 2375 Franciae,
964 2326 1004 2366 si
1023 2325 1262 2375 voluisset,
1281 2325 1360 2367 diu
1391 2331 1463 2368 est

198 2393 320 2445 quod
341 2392 510 2434 bellum
531 2392 780 2433 habuisset.
849 2391 1074 2432 Dominus
1094 2403 1221 2432 meus
1245 2404 1355 2434 vero
1377 2404 1461 2434 rex

199 2458 383 2511 Angliae
414 2459 459 2499 in
493 2458 616 2499 dicto
658 2470 797 2510 regno
833 2469 978 2510 usque
1015 2456 1075 2498 ad
1108 2457 1228 2498 diem
1261 2470 1344 2510 per
1379 2470 1463 2500 vos

197 2525 482 2577 assignatum
529 2536 672 2565 causa
715 2522 881 2564 bellum
924 2522 1249 2573 committendi,
1295 2523 1335 2564 si
1377 2537 1462 2565 rex

197 2591 406 2631 dominus
450 2596 604 2631 vester
644 2590 800 2631 venire
842 2589 1051 2638 voluerit,
1095 2589 1244 2630 adhuc
1286 2602 1460 2630 moram

217 2710 254 2764 ‚¹
279 2712 562 2766 ‘impeqimenm”
591 2711 693 2743 MSS‘
708 2711 810 2764 βοῇ·
895 2731 908 2751 ²
929 2730 1084 2773 ‘potuit,’
1111 2733 1212 2765 MSS.
1243 2733 1333 2768 Cott.
1358 2734 1463 2772 Nero,

197 2759 301 2799 ΜΨ
327 2760 374 2791 D·
391 2769 441 2799 ¹¹1²
460 2759 527 2790 ‘²¹¹³
548 2758 635 2790 ⁰⁰¹¹·
659 2758 752 2789 Tm·
769 2757 812 2788 R·
850 2780 895 2812 D.
913 2780 964 2821 ii„
979 2780 1046 2811 and
1063 2779 1151 2812 σου.
1167 2780 1260 2813 Tria.
1278 2781 1320 2813 R.
1337 2784 1370 2823 ο,
1387 2783 1442 2812 10.

195 2809 230 2846 5,
247 2808 298 2838 10.

1491 432 1610 458 Edward
1632 433 1689 460 111.

1458 486 1468 495 ,
1506 466 1586 491 ΔΛ).
1602 467 1678 492 1³39.

1486 1677 1575 1709 Repiy
1583 1678 1646 1702 sent
1656 1680 1685 1703 to

1484 1711 1534 1735 the
1547 1711 1655 1736 French

1486 1744 1573 1776 King.
