2038 3306
555 329 641 371 140
1039 340 1319 372 cnuomcon

357 455 477 481 Edvnrd
490 456 514 481 1·
556 450 927 497 vocaveruntque
954 456 1057 485 eum
1088 458 1179 486 non
1205 445 1539 486 thesaurarium
1568 445 1647 486 sed
1686 451 1811 499 tray-

342 489 524 570 nzssgrzm.
557 512 777 553 turarium
816 510 952 563 regis,
983 516 1030 551 et
1053 511 1206 551 verius
1243 510 1330 553 hoc
1362 524 1500 564 quam
1533 511 1808 562 credebaut3

339 577 464 609 ⁸1⁵¹¹⁵¹¹⁸·
555 578 722 618 multos
763 577 881 618 enim
925 576 1110 617 seduxit
1151 577 1197 617 in
1236 577 1309 618 die
1352 576 1453 626 hac,
1492 577 1573 617 sed
1614 582 1662 618 et
1708 578 1808 631 ipse

554 643 769 684 seductus
809 648 879 683 est
915 641 994 695 qui
1031 647 1131 683 erat
1164 642 1280 683 levis
1316 646 1363 683 et
1403 641 1624 692 lubricus,
1659 642 1807 684 elatus

554 700 768 762 superbia
808 713 855 749 et
895 708 1106 749 avaritiae
1148 707 1346 749 deditus.
1415 707 1472 748 In
1511 708 1659 760 primo
1698 720 1808 749 con-

552 787 715 827 gressu
736 779 993 815 nostrorum
1017 786 1119 814 cum
1153 773 1317 824 Scotis,
1341 773 1619 814 senescallus
1641 773 1808 816 Scotiae

553 845 599 881 et
619 853 770 882 comes
792 839 848 881 de
870 839 1105 890 Levenax,
1123 840 1201 893 qui
1222 840 1348 893 prius
1369 839 1558 893 pacifice
1574 846 1808 891 venerant,

553 918 656 947 cum
679 906 899 948 vidissent
935 911 1115 947 nostros
1143 906 1368 947 corruisse
1397 905 1636 947 confestim
1664 919 1808 947 reces-

554 977 712 1013 serunt
754 971 810 1012 ad
852 984 960 1013 suos
1001 971 1080 1025 qui
1119 972 1165 1012 in
1209 971 1338 1013 silvis
1381 971 1630 1013 latitabant
1665 972 1808 1026 juxta

555 1041 566 1059 ‘
590 1037 786 1091 polles3’
805 1036 817 1058 ²
860 1038 938 1091 qui
979 1037 1187 1079 nefandae
1223 1038 1288 1079 rei
1328 1037 1536 1079 videntes
1576 1043 1806 1088 eventum,

553 1103 726 1156 egressi
746 1108 854 1144 sunt
881 1103 1062 1144 obviam
1087 1104 1270 1153 nostris,
1290 1108 1337 1144 et
1366 1103 1536 1145 multos
1559 1104 1808 1157 particula·

554 1169 664 1210 riter
686 1168 914 1221 fugientes
930 1174 1220 1222 peremerunt
1234 1168 1402 1210 ibidem
1422 1173 1433 1190 ‘
1450 1167 1555 1210 ad'2
1579 1173 1592 1191 ‘
1606 1169 1803 1222 polles,'²

553 1239 842 1287 asportantes
875 1234 1023 1287 spolia
1058 1234 1206 1276 multa
1238 1239 1284 1275 et
1323 1235 1574 1287 quadrigas
1614 1240 1806 1277 onustas

552 1299 853 1347 abducente83
903 1312 995 1340 non
1039 1300 1159 1340 enim
1205 1304 1417 1353 poterant
1453 1300 1690 1354 quadrigae
1732 1302 1805 1344 vel

552 1365 786 1406 summarii
803 1377 832 1406 a
854 1365 1134 1418 fugientibus
1156 1365 1320 1407 abduci
1335 1366 1391 1407 de
1411 1366 1535 1407 facili
1550 1366 1596 1407 in
1616 1367 1807 1409 lacubus

551 1436 598 1473 et
631 1431 851 1473 mariscis.
935 1430 1099 1472 Comes
1133 1445 1241 1473 vero
1277 1438 1433 1474 noster
1469 1432 1585 1474 citra
1620 1438 1807 1486 pontem

551 1510 731 1551 semper
748 1497 968 1547 existens,
982 1510 1166 1538 reverso
1184 1498 1367 1539 domino
1386 1498 1685 1540 Marmeduco
1703 1512 1806 1540 cum

552 1563 664 1613 suis,
685 1563 903 1617 praecepit
926 1567 1111 1616 pontem
1134 1563 1283 1616 frangi
1304 1569 1351 1605 et
1371 1565 1591 1615 comburi,
1616 1570 1662 1606 et
1682 1578 1806 1606 com-

551 1629 691 1670 missa
712 1628 921 1670 custodia
943 1628 1146 1683 ejusdem
1167 1630 1307 1671 castri
1330 1629 1387 1671 de
1418 1629 1666 1685 Stryvelyn
1691 1644 1807 1684 prae-

551 1694 673 1736 dicto
707 1693 890 1735 domino
927 1694 1240 1745 Marmeduco,
1284 1695 1492 1748 promisit
1526 1697 1567 1737 ei
1609 1696 1804 1739 fideliter

551 1760 663 1802 data
704 1760 792 1801 fide
824 1760 944 1814 quod
974 1760 1095 1801 insra
1126 1761 1296 1814 primas
1331 1761 1485 1803 decem
1529 1763 1806 1805 ebdomadas

554 1826 728 1867 veniret
753 1826 800 1867 in
831 1826 930 1880 ejus
962 1826 1186 1868 auxilium
1218 1840 1321 1869 cum
1362 1840 1500 1869 manu
1535 1829 1672 1881 forti;
1712 1842 1805 1871 non

551 1896 704 1933 tamen
725 1892 992 1946 adimplevit
1014 1892 1137 1945 quod
1158 1894 1382 1946 promisit.
1436 1893 1712 1948 Oblitusque
1732 1909 1805 1937 se-

551 1958 750 1999 nectutis
786 1970 882 1998 suae
916 1958 1151 2011 profectus
1186 1965 1258 2001 est
1286 1959 1409 2012 apud
1441 1959 1667 2015 Berewyk
1700 1975 1804 2003 cum

551 2022 844 2064 festinatione
881 2028 1014 2064 tanta
1051 2023 1172 2077 quod
1216 2025 1477 2067 dextrarius
1511 2026 1559 2068 in
1598 2039 1690 2080 quo
1731 2041 1804 2069 se·

551 2088 683 2130 derat
707 2089 754 2129 in
783 2089 964 2130 stabulo
995 2089 1187 2131 fratrum
1225 2090 1455 2132 Minorum
1487 2093 1666 2146 positus
1698 2106 1806 2135 nus-

551 2167 688 2207 quam
729 2155 948 2207 pabulum
983 2155 1206 2208 gustavit.
1274 2156 1452 2198 Deinde
1488 2159 1711 2212 processit
1747 2160 1805 2201 ad

551 2219 693 2261 filium
725 2221 845 2273 regis
879 2221 926 2262 in
961 2227 1116 2275 partes
1150 2222 1394 2273 australes,
1429 2227 1476 2265 et
1510 2224 1694 2278 reliquit
1723 2238 1805 2279 pa-

552 2286 686 2327 triam
729 2287 910 2339 penitus
947 2287 1216 2331 desolatam.
1289 2289 1436 2330 Facta
1474 2289 1562 2331 fuit
1601 2291 1807 2346 confusio

335 2359 520 2425 ἔζζιέξιῗῗξίεγ,
551 2351 648 2392 haec
680 2363 751 2393 ιιι.
793 2352 895 2393 idus
927 2352 1223 2406 Septembris,
1263 2355 1441 2397 scilicet
1477 2355 1591 2398 feria
1625 2362 1808 2411 quarta,

550 2430 669 2459 anno
693 2419 856 2471 gratiae
877 2418 1157 2472 supradicto.

595 2603 602 2620 ¹
628 2605 698 2645 Sic,
713 2605 812 2637 MSS.
1170 2601 1178 2651 1
1245 2605 1259 2624 ²
1279 2604 1419 2649 ‘jutan'
1437 2608 1513 2642 MS.
1531 2609 1619 2643 Cott.
1633 2611 1736 2652 Vesp.
