<?xml version="1.0" encoding="UTF-8"?>
<!DOCTYPE html PUBLIC "-//W3C//DTD XHTML 1.0 Transitional//EN"
    "http://www.w3.org/TR/xhtml1/DTD/xhtml1-transitional.dtd">
<html xmlns="http://www.w3.org/1999/xhtml" xml:lang="en" lang="en">
 <head>
  <title>
</title>
<meta http-equiv="Content-Type" content="text/html;charset=utf-8" />
  <meta name='ocr-system' content='tesseract 3.04.00' />
  <meta name='ocr-capabilities' content='ocr_page ocr_carea ocr_par ocr_line ocrx_word'/>
</head>
<body>
  <div class='ocr_page' id='page_1' title='image "./chronicondominiw02hemiuoft/chronicondominiw02hemiuoft_0375.png"; bbox 0 0 2038 3306; ppageno 0'>
   <div class='ocr_carea' id='block_1_1' title="bbox 459 306 1455 348">
    <p class='ocr_par' dir='ltr' id='par_1_1' title="bbox 459 306 1455 348">
     <span class='ocr_line' id='line_1_1' title="bbox 459 306 1455 348; baseline 0.001 -1"><span class='ocrx_word' id='word_1_1' title='bbox 459 315 685 347; x_wconf 58' lang='lat' dir='ltr'>vunnim</span> <span class='ocrx_word' id='word_1_2' title='bbox 718 315 780 346; x_wconf 81' lang='lat' dir='ltr'>DE</span> <span class='ocrx_word' id='word_1_3' title='bbox 811 315 1193 348; x_wconf 71' lang='grc' dir='ltr'><strong>ΗΕΜιΝοΒυΒσΗ.</strong></span> <span class='ocrx_word' id='word_1_4' title='bbox 1368 306 1455 348; x_wconf 82' lang='grc'>361</span> 
     </span>
    </p>
   </div>
   <div class='ocr_carea' id='block_1_2' title="bbox 191 416 1678 1798">
    <p class='ocr_par' dir='ltr' id='par_1_2' title="bbox 191 416 1678 1269">
     <span class='ocr_line' id='line_1_2' title="bbox 191 416 1678 493; baseline -0.003 -31"><span class='ocrx_word' id='word_1_5' title='bbox 191 416 306 474; x_wconf 83' lang='lat' dir='ltr'>regii</span> <span class='ocrx_word' id='word_1_6' title='bbox 327 416 488 474; x_wconf 80' lang='lat' dir='ltr'>parum</span> <span class='ocrx_word' id='word_1_7' title='bbox 511 425 741 470; x_wconf 85' lang='lat' dir='ltr'><strong>curantes,</strong></span> <span class='ocrx_word' id='word_1_8' title='bbox 763 433 915 474; x_wconf 85' lang='lat' dir='ltr'>regem</span> <span class='ocrx_word' id='word_1_9' title='bbox 943 422 1075 475; x_wconf 83' lang='lat' dir='ltr'>quasi</span> <span class='ocrx_word' id='word_1_10' title='bbox 1100 420 1294 476; x_wconf 88' lang='lat' dir='ltr'>pecunia</span> <span class='ocrx_word' id='word_1_11' title='bbox 1316 421 1457 463; x_wconf 89' lang='lat' dir='ltr'>desti·</span> <span class='ocrx_word' id='word_1_12' title='bbox 1478 433 1602 493; x_wconf 56' lang='grc' dir='ltr'>ΕᾸιπόεαι</span> <span class='ocrx_word' id='word_1_13' title='bbox 1608 432 1678 491; x_wconf 46' lang='lat'>3143.</span> 
     </span>
     <span class='ocr_line' id='line_1_3' title="bbox 192 484 1667 541; baseline 0.001 -14"><span class='ocrx_word' id='word_1_14' title='bbox 192 491 340 528; x_wconf 89' lang='lat' dir='ltr'>tutum</span> <span class='ocrx_word' id='word_1_15' title='bbox 364 486 632 528; x_wconf 86' lang='lat' dir='ltr'>dimiserunt</span> <span class='ocrx_word' id='word_1_16' title='bbox 653 491 699 528; x_wconf 91' lang='lat' dir='ltr'>et</span> <span class='ocrx_word' id='word_1_17' title='bbox 732 499 941 541; x_wconf 87' lang='lat' dir='ltr'>egenum.</span> <span class='ocrx_word' id='word_1_18' title='bbox 1013 487 1085 529; x_wconf 90' lang='lat' dir='ltr'>Re</span> <span class='ocrx_word' id='word_1_19' title='bbox 1121 489 1241 529; x_wconf 89' lang='lat' dir='ltr'>enim</span> <span class='ocrx_word' id='word_1_20' title='bbox 1277 501 1389 530; x_wconf 84' lang='lat' dir='ltr'>vera</span> <span class='ocrx_word' id='word_1_21' title='bbox 1420 488 1461 528; x_wconf 91' lang='lat' dir='ltr'>si</span> <span class='ocrx_word' id='word_1_22' title='bbox 1524 486 1530 492; x_wconf 84' lang='grc'><em>“</em></span> <span class='ocrx_word' id='word_1_23' title='bbox 1570 485 1575 491; x_wconf 90' lang='grc'><strong>”</strong></span> <span class='ocrx_word' id='word_1_24' title='bbox 1661 484 1667 489; x_wconf 82' lang='grc'><strong>”</strong></span> 
     </span>
     <span class='ocr_line' id='line_1_4' title="bbox 194 553 1460 607; baseline 0.001 -13"><span class='ocrx_word' id='word_1_25' title='bbox 194 558 327 605; x_wconf 82' lang='lat' dir='ltr'>gesta</span> <span class='ocrx_word' id='word_1_26' title='bbox 359 566 519 606; x_wconf 85' lang='lat' dir='ltr'>regum</span> <span class='ocrx_word' id='word_1_27' title='bbox 553 566 581 594; x_wconf 92' lang='lat' dir='ltr'>a</span> <span class='ocrx_word' id='word_1_28' title='bbox 618 553 869 595; x_wconf 88' lang='lat' dir='ltr'>monarcha</span> <span class='ocrx_word' id='word_1_29' title='bbox 906 554 1053 607; x_wconf 91' lang='lat' dir='ltr'>primo</span> <span class='ocrx_word' id='word_1_30' title='bbox 1088 553 1348 607; x_wconf 82' lang='lat' dir='ltr'>Anglorum</span> <span class='ocrx_word' id='word_1_31' title='bbox 1388 567 1460 595; x_wconf 86' lang='lat' dir='ltr'>re—</span> 
     </span>
     <span class='ocr_line' id='line_1_5' title="bbox 195 619 1463 675; baseline 0 -15"><span class='ocrx_word' id='word_1_32' title='bbox 195 619 468 669; x_wconf 89' lang='lat' dir='ltr'>volvissent,</span> <span class='ocrx_word' id='word_1_33' title='bbox 507 625 814 674; x_wconf 81' lang='lat' dir='ltr'>accurateque</span> <span class='ocrx_word' id='word_1_34' title='bbox 850 619 1218 662; x_wconf 85' lang='lat' dir='ltr'>considerassent</span> <span class='ocrx_word' id='word_1_35' title='bbox 1254 619 1463 675; x_wconf 85' lang='lat' dir='ltr'>praeteri-</span> 
     </span>
     <span class='ocr_line' id='line_1_6' title="bbox 195 685 1462 736; baseline 0.001 -10"><span class='ocrx_word' id='word_1_36' title='bbox 195 690 345 727; x_wconf 83' lang='lat' dir='ltr'>torum</span> <span class='ocrx_word' id='word_1_37' title='bbox 395 685 522 727; x_wconf 91' lang='lat' dir='ltr'>filum</span> <span class='ocrx_word' id='word_1_38' title='bbox 556 696 737 727; x_wconf 84' lang='lat' dir='ltr'>xxvnl.</span> <span class='ocrx_word' id='word_1_39' title='bbox 782 699 1021 736; x_wconf 90' lang='lat' dir='ltr'>annorum,</span> <span class='ocrx_word' id='word_1_40' title='bbox 1074 691 1168 727; x_wconf 90' lang='lat' dir='ltr'>tam</span> <span class='ocrx_word' id='word_1_41' title='bbox 1209 691 1462 736; x_wconf 89' lang='lat' dir='ltr'>strenuum,</span> 
     </span>
     <span class='ocr_line' id='line_1_7' title="bbox 196 752 1465 806; baseline 0.002 -14"><span class='ocrx_word' id='word_1_42' title='bbox 196 752 531 794; x_wconf 84' lang='lat' dir='ltr'>misericordem</span> <span class='ocrx_word' id='word_1_43' title='bbox 580 758 627 794; x_wconf 92' lang='lat' dir='ltr'>et</span> <span class='ocrx_word' id='word_1_44' title='bbox 674 752 906 802; x_wconf 88' lang='lat' dir='ltr'>humilem,</span> <span class='ocrx_word' id='word_1_45' title='bbox 947 752 1146 794; x_wconf 90' lang='lat' dir='ltr'>insulam</span> <span class='ocrx_word' id='word_1_46' title='bbox 1190 753 1465 806; x_wconf 83' lang='lat' dir='ltr'>produxisse</span> 
     </span>
     <span class='ocr_line' id='line_1_8' title="bbox 198 817 1465 872; baseline 0.001 -13"><span class='ocrx_word' id='word_1_47' title='bbox 198 819 383 859; x_wconf 90' lang='lat' dir='ltr'>minime</span> <span class='ocrx_word' id='word_1_48' title='bbox 423 819 713 872; x_wconf 90' lang='lat' dir='ltr'>reperissent.</span> <span class='ocrx_word' id='word_1_49' title='bbox 775 817 901 860; x_wconf 86' lang='lat' dir='ltr'>Ante</span> <span class='ocrx_word' id='word_1_50' title='bbox 939 818 1141 859; x_wconf 90' lang='lat' dir='ltr'>Tornaci</span> <span class='ocrx_word' id='word_1_51' title='bbox 1181 819 1465 860; x_wconf 88' lang='lat' dir='ltr'>obsidionem</span> 
     </span>
     <span class='ocr_line' id='line_1_9' title="bbox 198 883 1466 938; baseline 0.002 -14"><span class='ocrx_word' id='word_1_52' title='bbox 198 884 322 926; x_wconf 89' lang='lat' dir='ltr'>misit</span> <span class='ocrx_word' id='word_1_53' title='bbox 358 897 440 925; x_wconf 80' lang='lat' dir='ltr'>rex</span> <span class='ocrx_word' id='word_1_54' title='bbox 465 883 650 937; x_wconf 83' lang='lat' dir='ltr'>Angliae</span> <span class='ocrx_word' id='word_1_55' title='bbox 672 884 959 925; x_wconf 82' lang='lat' dir='ltr'>Francorum</span> <span class='ocrx_word' id='word_1_56' title='bbox 986 885 1084 937; x_wconf 85' lang='lat' dir='ltr'>regi</span> <span class='ocrx_word' id='word_1_57' title='bbox 1115 884 1291 934; x_wconf 86' lang='lat' dir='ltr'>literas,</span> <span class='ocrx_word' id='word_1_58' title='bbox 1315 885 1466 938; x_wconf 90' lang='lat' dir='ltr'>ipsum</span> 
     </span>
     <span class='ocr_line' id='line_1_10' title="bbox 199 949 1467 1003; baseline 0.001 -12"><span class='ocrx_word' id='word_1_59' title='bbox 199 950 462 991; x_wconf 89' lang='lat' dir='ltr'>nullatenus</span> <span class='ocrx_word' id='word_1_60' title='bbox 492 963 647 1003; x_wconf 83' lang='lat' dir='ltr'>regem</span> <span class='ocrx_word' id='word_1_61' title='bbox 685 949 764 991; x_wconf 91' lang='lat' dir='ltr'>sed</span> <span class='ocrx_word' id='word_1_62' title='bbox 803 950 1070 1003; x_wconf 89' lang='lat' dir='ltr'>Philippum</span> <span class='ocrx_word' id='word_1_63' title='bbox 1091 949 1147 991; x_wconf 93' lang='lat' dir='ltr'>de</span> <span class='ocrx_word' id='word_1_64' title='bbox 1168 950 1360 992; x_wconf 89' lang='lat' dir='ltr'>Valesio</span> <span class='ocrx_word' id='word_1_65' title='bbox 1383 964 1467 992; x_wconf 88' lang='lat' dir='ltr'>no-</span> 
     </span>
     <span class='ocr_line' id='line_1_11' title="bbox 199 1015 1468 1068; baseline 0.001 -11"><span class='ocrx_word' id='word_1_66' title='bbox 199 1016 432 1066; x_wconf 90' lang='lat' dir='ltr'>minando,</span> <span class='ocrx_word' id='word_1_67' title='bbox 454 1017 575 1058; x_wconf 90' lang='lat' dir='ltr'>inter</span> <span class='ocrx_word' id='word_1_68' title='bbox 604 1020 772 1057; x_wconf 66' lang='lat' dir='ltr'>caetera</span> <span class='ocrx_word' id='word_1_69' title='bbox 803 1015 917 1057; x_wconf 87' lang='lat' dir='ltr'>talia</span> <span class='ocrx_word' id='word_1_70' title='bbox 940 1015 1259 1058; x_wconf 88' lang='lat' dir='ltr'>continentes.¹</span> <span class='ocrx_word' id='word_1_71' title='bbox 1330 1016 1468 1068; x_wconf 83' lang='lat' dir='ltr'>Quod</span> 
     </span>
     <span class='ocr_line' id='line_1_12' title="bbox 200 1082 1469 1136; baseline 0.001 -13"><span class='ocrx_word' id='word_1_72' title='bbox 200 1083 309 1136; x_wconf 89' lang='lat' dir='ltr'>quia</span> <span class='ocrx_word' id='word_1_73' title='bbox 329 1095 410 1136; x_wconf 91' lang='lat' dir='ltr'>per</span> <span class='ocrx_word' id='word_1_74' title='bbox 434 1082 624 1124; x_wconf 89' lang='lat' dir='ltr'>nuncios</span> <span class='ocrx_word' id='word_1_75' title='bbox 659 1094 768 1123; x_wconf 92' lang='lat' dir='ltr'>suos</span> <span class='ocrx_word' id='word_1_76' title='bbox 806 1082 960 1136; x_wconf 89' lang='lat' dir='ltr'>plures</span> <span class='ocrx_word' id='word_1_77' title='bbox 993 1082 1120 1136; x_wconf 86' lang='lat' dir='ltr'>pacis</span> <span class='ocrx_word' id='word_1_78' title='bbox 1141 1083 1242 1124; x_wconf 87' lang='lat' dir='ltr'>vias</span> <span class='ocrx_word' id='word_1_79' title='bbox 1265 1083 1469 1124; x_wconf 91' lang='lat' dir='ltr'>rationa-</span> 
     </span>
     <span class='ocr_line' id='line_1_13' title="bbox 202 1148 1470 1203; baseline 0.001 -14"><span class='ocrx_word' id='word_1_80' title='bbox 202 1150 333 1198; x_wconf 87' lang='lat' dir='ltr'>biles,</span> <span class='ocrx_word' id='word_1_81' title='bbox 355 1162 439 1202; x_wconf 92' lang='lat' dir='ltr'>pro</span> <span class='ocrx_word' id='word_1_82' title='bbox 462 1148 568 1203; x_wconf 89' lang='lat' dir='ltr'>jure</span> <span class='ocrx_word' id='word_1_83' title='bbox 605 1161 689 1190; x_wconf 93' lang='lat' dir='ltr'>suo</span> <span class='ocrx_word' id='word_1_84' title='bbox 714 1149 761 1189; x_wconf 92' lang='lat' dir='ltr'>in</span> <span class='ocrx_word' id='word_1_85' title='bbox 799 1161 941 1201; x_wconf 82' lang='lat' dir='ltr'>regno</span> <span class='ocrx_word' id='word_1_86' title='bbox 978 1148 1188 1190; x_wconf 85' lang='lat' dir='ltr'>Franciae</span> <span class='ocrx_word' id='word_1_87' title='bbox 1226 1149 1470 1191; x_wconf 81' lang='lat' dir='ltr'>haeredita-</span> 
     </span>
     <span class='ocr_line' id='line_1_14' title="bbox 202 1214 1470 1269; baseline -0.001 -13"><span class='ocrx_word' id='word_1_88' title='bbox 202 1222 339 1269; x_wconf 90' lang='lat' dir='ltr'>teque</span> <span class='ocrx_word' id='word_1_89' title='bbox 364 1215 519 1256; x_wconf 86' lang='lat' dir='ltr'>debita</span> <span class='ocrx_word' id='word_1_90' title='bbox 549 1214 888 1268; x_wconf 86' lang='lat' dir='ltr'>recuperandis,</span> <span class='ocrx_word' id='word_1_91' title='bbox 914 1214 1136 1256; x_wconf 90' lang='lat' dir='ltr'>hactenus</span> <span class='ocrx_word' id='word_1_92' title='bbox 1156 1216 1213 1256; x_wconf 90' lang='lat' dir='ltr'>ab</span> <span class='ocrx_word' id='word_1_93' title='bbox 1234 1216 1336 1269; x_wconf 90' lang='lat' dir='ltr'>ipso</span> <span class='ocrx_word' id='word_1_94' title='bbox 1361 1228 1470 1257; x_wconf 89' lang='lat' dir='ltr'>con·</span> 
     </span>
    </p>

    <p class='ocr_par' dir='ltr' id='par_1_3' title="bbox 203 1281 1473 1467">
     <span class='ocr_line' id='line_1_15' title="bbox 203 1281 1471 1335; baseline 0 -13"><span class='ocrx_word' id='word_1_95' title='bbox 203 1286 276 1322; x_wconf 86' lang='lat' dir='ltr'>tra</span> <span class='ocrx_word' id='word_1_96' title='bbox 305 1282 455 1322; x_wconf 90' lang='lat' dir='ltr'>Deum</span> <span class='ocrx_word' id='word_1_97' title='bbox 489 1286 535 1322; x_wconf 92' lang='lat' dir='ltr'>et</span> <span class='ocrx_word' id='word_1_98' title='bbox 563 1281 791 1335; x_wconf 81' lang='lat' dir='ltr'>justitiam</span> <span class='ocrx_word' id='word_1_99' title='bbox 827 1281 1025 1322; x_wconf 89' lang='lat' dir='ltr'>detentis</span> <span class='ocrx_word' id='word_1_100' title='bbox 1064 1294 1118 1322; x_wconf 88' lang='lat' dir='ltr'>ac</span> <span class='ocrx_word' id='word_1_101' title='bbox 1154 1282 1407 1335; x_wconf 85' lang='lat' dir='ltr'>occupatis,</span> <span class='ocrx_word' id='word_1_102' title='bbox 1429 1282 1471 1322; x_wconf 91' lang='lat' dir='ltr'>ei</span> 
     </span>
     <span class='ocr_line' id='line_1_16' title="bbox 204 1347 1473 1402; baseline 0 -14"><span class='ocrx_word' id='word_1_103' title='bbox 204 1348 462 1397; x_wconf 83' lang='lat' dir='ltr'>obtulisset,</span> <span class='ocrx_word' id='word_1_104' title='bbox 499 1360 582 1388; x_wconf 90' lang='lat' dir='ltr'>nec</span> <span class='ocrx_word' id='word_1_105' title='bbox 628 1348 669 1388; x_wconf 90' lang='lat' dir='ltr'>ei</span> <span class='ocrx_word' id='word_1_106' title='bbox 706 1347 929 1388; x_wconf 89' lang='lat' dir='ltr'>rationem</span> <span class='ocrx_word' id='word_1_107' title='bbox 960 1360 1107 1400; x_wconf 91' lang='lat' dir='ltr'>neque</span> <span class='ocrx_word' id='word_1_108' title='bbox 1137 1347 1384 1402; x_wconf 86' lang='lat' dir='ltr'>justitiam,</span> <span class='ocrx_word' id='word_1_109' title='bbox 1423 1354 1473 1389; x_wconf 94' lang='lat' dir='ltr'>ut</span> 
     </span>
     <span class='ocr_line' id='line_1_17' title="bbox 204 1413 1473 1467; baseline 0 -13"><span class='ocrx_word' id='word_1_110' title='bbox 204 1414 461 1463; x_wconf 87' lang='lat' dir='ltr'>videbatur,</span> <span class='ocrx_word' id='word_1_111' title='bbox 503 1414 653 1455; x_wconf 86' lang='lat' dir='ltr'>facere</span> <span class='ocrx_word' id='word_1_112' title='bbox 685 1413 980 1463; x_wconf 89' lang='lat' dir='ltr'>decrevisset,</span> <span class='ocrx_word' id='word_1_113' title='bbox 1013 1414 1133 1454; x_wconf 91' lang='lat' dir='ltr'>idem</span> <span class='ocrx_word' id='word_1_114' title='bbox 1175 1427 1256 1455; x_wconf 88' lang='lat' dir='ltr'>rex</span> <span class='ocrx_word' id='word_1_115' title='bbox 1289 1413 1473 1467; x_wconf 82' lang='lat' dir='ltr'>Angliae</span> 
     </span>
    </p>

    <p class='ocr_par' dir='ltr' id='par_1_4' title="bbox 203 1479 1614 1798">
     <span class='ocr_line' id='line_1_18' title="bbox 206 1479 1473 1534; baseline 0 -13"><span class='ocrx_word' id='word_1_116' title='bbox 206 1493 287 1534; x_wconf 92' lang='lat' dir='ltr'>per</span> <span class='ocrx_word' id='word_1_117' title='bbox 329 1480 525 1521; x_wconf 90' lang='lat' dir='ltr'>medium</span> <span class='ocrx_word' id='word_1_118' title='bbox 575 1479 800 1529; x_wconf 85' lang='lat' dir='ltr'>Franciae,</span> <span class='ocrx_word' id='word_1_119' title='bbox 835 1480 956 1521; x_wconf 90' lang='lat' dir='ltr'>sicut</span> <span class='ocrx_word' id='word_1_120' title='bbox 995 1480 1204 1521; x_wconf 90' lang='lat' dir='ltr'>dominus</span> <span class='ocrx_word' id='word_1_121' title='bbox 1246 1481 1473 1533; x_wconf 88' lang='lat' dir='ltr'>superior,</span> 
     </span>
     <span class='ocr_line' id='line_1_19' title="bbox 208 1546 1474 1600; baseline 0 -13"><span class='ocrx_word' id='word_1_122' title='bbox 208 1547 470 1596; x_wconf 84' lang='lat' dir='ltr'>transierat,</span> <span class='ocrx_word' id='word_1_123' title='bbox 515 1546 801 1599; x_wconf 90' lang='lat' dir='ltr'>collectaque</span> <span class='ocrx_word' id='word_1_124' title='bbox 856 1559 1011 1587; x_wconf 90' lang='lat' dir='ltr'>secum</span> <span class='ocrx_word' id='word_1_125' title='bbox 1075 1551 1209 1588; x_wconf 87' lang='lat' dir='ltr'>terrae</span> <span class='ocrx_word' id='word_1_126' title='bbox 1270 1546 1474 1600; x_wconf 91' lang='lat' dir='ltr'>ejusdem</span> 
     </span>
     <span class='ocr_line' id='line_1_20' title="bbox 208 1612 1476 1666; baseline -0.001 -12"><span class='ocrx_word' id='word_1_127' title='bbox 208 1613 394 1654; x_wconf 88' lang='lat' dir='ltr'>fortium</span> <span class='ocrx_word' id='word_1_128' title='bbox 425 1612 647 1666; x_wconf 88' lang='lat' dir='ltr'>potentia,</span> <span class='ocrx_word' id='word_1_129' title='bbox 683 1625 844 1654; x_wconf 84' lang='lat' dir='ltr'>versus</span> <span class='ocrx_word' id='word_1_130' title='bbox 873 1613 1024 1666; x_wconf 91' lang='lat' dir='ltr'>ipsum</span> <span class='ocrx_word' id='word_1_131' title='bbox 1054 1625 1103 1654; x_wconf 90' lang='lat' dir='ltr'>se</span> <span class='ocrx_word' id='word_1_132' title='bbox 1139 1617 1399 1654; x_wconf 87' lang='lat' dir='ltr'>attraxerat</span> <span class='ocrx_word' id='word_1_133' title='bbox 1429 1613 1476 1653; x_wconf 92' lang='lat' dir='ltr'>in</span> 
     </span>
     <span class='ocr_line' id='line_1_21' title="bbox 203 1678 1477 1733; baseline 0 -14"><span class='ocrx_word' id='word_1_134' title='bbox 203 1679 309 1733; x_wconf 89' lang='lat' dir='ltr'>jure</span> <span class='ocrx_word' id='word_1_135' title='bbox 342 1691 426 1720; x_wconf 87' lang='lat' dir='ltr'>suo</span> <span class='ocrx_word' id='word_1_136' title='bbox 454 1678 590 1719; x_wconf 92' lang='lat' dir='ltr'>finem</span> <span class='ocrx_word' id='word_1_137' title='bbox 630 1678 732 1720; x_wconf 91' lang='lat' dir='ltr'>Deo</span> <span class='ocrx_word' id='word_1_138' title='bbox 761 1678 1034 1732; x_wconf 87' lang='lat' dir='ltr'>placabilem</span> <span class='ocrx_word' id='word_1_139' title='bbox 1070 1678 1290 1719; x_wconf 87' lang='lat' dir='ltr'>affectans</span> <span class='ocrx_word' id='word_1_140' title='bbox 1325 1678 1477 1719; x_wconf 88' lang='lat' dir='ltr'>facere</span> 
     </span>
     <span class='ocr_line' id='line_1_22' title="bbox 207 1744 1614 1798; baseline -0.002 -12"><span class='ocrx_word' id='word_1_141' title='bbox 207 1746 478 1787; x_wconf 86' lang='lat' dir='ltr'>breviorem.</span> <span class='ocrx_word' id='word_1_142' title='bbox 542 1744 603 1786; x_wconf 90' lang='lat' dir='ltr'>Et</span> <span class='ocrx_word' id='word_1_143' title='bbox 624 1745 734 1798; x_wconf 89' lang='lat' dir='ltr'>quia</span> <span class='ocrx_word' id='word_1_144' title='bbox 751 1757 893 1786; x_wconf 88' lang='lat' dir='ltr'>causa</span> <span class='ocrx_word' id='word_1_145' title='bbox 908 1745 1026 1786; x_wconf 90' lang='lat' dir='ltr'>inter</span> <span class='ocrx_word' id='word_1_146' title='bbox 1045 1744 1170 1798; x_wconf 86' lang='lat' dir='ltr'>ipsos</span> <span class='ocrx_word' id='word_1_147' title='bbox 1193 1744 1308 1786; x_wconf 91' lang='lat' dir='ltr'>duos</span> <span class='ocrx_word' id='word_1_148' title='bbox 1326 1744 1478 1786; x_wconf 87' lang='lat' dir='ltr'>fuerat</span> <span class='ocrx_word' id='word_1_149' title='bbox 1495 1758 1614 1785; x_wconf 80' lang='lat' dir='ltr'>Edward</span> 
     </span>
    </p>
   </div>
   <div class='ocr_carea' id='block_1_3' title="bbox 1494 1793 1616 1818">
    <p class='ocr_par' dir='ltr' id='par_1_5' title="bbox 1494 1793 1616 1818">
     <span class='ocr_line' id='line_1_23' title="bbox 1494 1793 1616 1818; baseline 0 -1"><span class='ocrx_word' id='word_1_150' title='bbox 1494 1793 1575 1818; x_wconf 81' lang='lat' dir='ltr'>offers</span> <span class='ocrx_word' id='word_1_151' title='bbox 1586 1794 1616 1817; x_wconf 84' lang='lat' dir='ltr'>to</span> 
     </span>
    </p>
   </div>
   <div class='ocr_carea' id='block_1_4' title="bbox 209 1810 1649 1865">
    <p class='ocr_par' dir='ltr' id='par_1_6' title="bbox 209 1810 1649 1865">
     <span class='ocr_line' id='line_1_24' title="bbox 209 1810 1649 1865; baseline -0.001 -13"><span class='ocrx_word' id='word_1_152' title='bbox 209 1816 351 1861; x_wconf 89' lang='lat' dir='ltr'>mota,</span> <span class='ocrx_word' id='word_1_153' title='bbox 398 1825 483 1865; x_wconf 90' lang='lat' dir='ltr'>pro</span> <span class='ocrx_word' id='word_1_154' title='bbox 532 1811 828 1865; x_wconf 89' lang='lat' dir='ltr'>oppressione</span> <span class='ocrx_word' id='word_1_155' title='bbox 882 1810 1054 1864; x_wconf 89' lang='lat' dir='ltr'>populi,</span> <span class='ocrx_word' id='word_1_156' title='bbox 1098 1811 1374 1861; x_wconf 87' lang='lat' dir='ltr'>vastatione,</span> <span class='ocrx_word' id='word_1_157' title='bbox 1424 1824 1478 1852; x_wconf 90' lang='lat' dir='ltr'>ac</span> <span class='ocrx_word' id='word_1_158' title='bbox 1495 1826 1591 1851; x_wconf 77' lang='lat' dir='ltr'>decide</span> <span class='ocrx_word' id='word_1_159' title='bbox 1603 1824 1649 1850; x_wconf 70' lang='lat'>111⁸</span> 
     </span>
    </p>
   </div>
   <div class='ocr_carea' id='block_1_5' title="bbox 210 1858 1682 1931">
    <p class='ocr_par' dir='ltr' id='par_1_7' title="bbox 210 1858 1682 1931">
     <span class='ocr_line' id='line_1_25' title="bbox 210 1858 1682 1931; baseline -0.002 -12"><span class='ocrx_word' id='word_1_160' title='bbox 210 1883 367 1931; x_wconf 83' lang='lat' dir='ltr'>strage</span> <span class='ocrx_word' id='word_1_161' title='bbox 388 1877 630 1926; x_wconf 88' lang='lat' dir='ltr'>evitandis,</span> <span class='ocrx_word' id='word_1_162' title='bbox 644 1877 814 1918; x_wconf 90' lang='lat' dir='ltr'>bellum</span> <span class='ocrx_word' id='word_1_163' title='bbox 834 1876 955 1918; x_wconf 93' lang='lat' dir='ltr'>inter</span> <span class='ocrx_word' id='word_1_164' title='bbox 973 1890 1051 1918; x_wconf 90' lang='lat' dir='ltr'>eos</span> <span class='ocrx_word' id='word_1_165' title='bbox 1067 1877 1196 1918; x_wconf 89' lang='lat' dir='ltr'>fieret</span> <span class='ocrx_word' id='word_1_166' title='bbox 1218 1877 1476 1930; x_wconf 84' lang='lat' dir='ltr'>singulare:</span> <span class='ocrx_word' id='word_1_167' title='bbox 1495 1858 1682 1918; x_wconf 52' lang='lat' dir='ltr'>iifflssetsstfhe</span> 
     </span>
    </p>
   </div>
   <div class='ocr_carea' id='block_1_6' title="bbox 209 1926 1651 2460">
    <p class='ocr_par' dir='ltr' id='par_1_8' title="bbox 211 1926 1651 2128">
     <span class='ocr_line' id='line_1_26' title="bbox 211 1926 1651 1996; baseline -0.001 -11"><span class='ocrx_word' id='word_1_168' title='bbox 211 1950 256 1985; x_wconf 89' lang='lat' dir='ltr'>et</span> <span class='ocrx_word' id='word_1_169' title='bbox 278 1944 317 1985; x_wconf 92' lang='lat' dir='ltr'>si</span> <span class='ocrx_word' id='word_1_170' title='bbox 335 1944 410 1985; x_wconf 87' lang='lat' dir='ltr'>via</span> <span class='ocrx_word' id='word_1_171' title='bbox 431 1943 549 1985; x_wconf 85' lang='lat' dir='ltr'>forte</span> <span class='ocrx_word' id='word_1_172' title='bbox 568 1943 659 1984; x_wconf 90' lang='lat' dir='ltr'>ista</span> <span class='ocrx_word' id='word_1_173' title='bbox 681 1947 694 1965; x_wconf 91' lang='lat'>‘</span> <span class='ocrx_word' id='word_1_174' title='bbox 709 1943 796 1984; x_wconf 92' lang='lat' dir='ltr'>sibi</span> <span class='ocrx_word' id='word_1_175' title='bbox 820 1956 912 1984; x_wconf 90' lang='lat' dir='ltr'>non</span> <span class='ocrx_word' id='word_1_176' title='bbox 936 1943 1116 1996; x_wconf 90' lang='lat' dir='ltr'>placere</span> <span class='ocrx_word' id='word_1_177' title='bbox 1138 1942 1480 1996; x_wconf 74' lang='lat' dir='ltr'>contingeret,’²</span> <span class='ocrx_word' id='word_1_178' title='bbox 1497 1927 1602 1991; x_wconf 62' lang='grc' dir='ltr'>ξῑῖῗξίῗ</span> <span class='ocrx_word' id='word_1_179' title='bbox 1615 1926 1651 1957; x_wconf 63' lang='lat' dir='ltr'>by</span> 
     </span>
     <span class='ocr_line' id='line_1_27' title="bbox 211 1994 1616 2064; baseline 0 -13"><span class='ocrx_word' id='word_1_180' title='bbox 211 2023 272 2051; x_wconf 61' lang='lat' dir='ltr'>⁴ex</span> <span class='ocrx_word' id='word_1_181' title='bbox 295 2014 427 2064; x_wconf 87' lang='lat' dir='ltr'>parte</span> <span class='ocrx_word' id='word_1_182' title='bbox 440 2014 635 2063; x_wconf 90' lang='lat' dir='ltr'>utraque</span> <span class='ocrx_word' id='word_1_183' title='bbox 652 2006 837 2051; x_wconf 89' lang='lat' dir='ltr'>centum</span> <span class='ocrx_word' id='word_1_184' title='bbox 853 2022 957 2050; x_wconf 90' lang='lat' dir='ltr'>cum</span> <span class='ocrx_word' id='word_1_185' title='bbox 976 2022 1083 2062; x_wconf 82' lang='lat' dir='ltr'>rege</span> <span class='ocrx_word' id='word_1_186' title='bbox 1100 2022 1185 2050; x_wconf 90' lang='lat' dir='ltr'>suo</span> <span class='ocrx_word' id='word_1_187' title='bbox 1200 2008 1412 2051; x_wconf 88' lang='lat' dir='ltr'>fortiores</span> <span class='ocrx_word' id='word_1_188' title='bbox 1425 2022 1480 2051; x_wconf 86' lang='lat' dir='ltr'>ac</span> <span class='ocrx_word' id='word_1_189' title='bbox 1497 1994 1616 2018; x_wconf 52' lang='lat' dir='ltr'><strong>⁶⁰mbat&#39;</strong></span> 
     </span>
     <span class='ocr_line' id='line_1_28' title="bbox 215 2074 1479 2128; baseline -0.001 -11"><span class='ocrx_word' id='word_1_190' title='bbox 215 2076 458 2118; x_wconf 87' lang='lat' dir='ltr'>validiores</span> <span class='ocrx_word' id='word_1_191' title='bbox 492 2076 801 2124; x_wconf 84' lang='lat' dir='ltr'>convenirent,</span> <span class='ocrx_word' id='word_1_192' title='bbox 834 2074 1096 2128; x_wconf 90' lang='lat' dir='ltr'>bellumque</span> <span class='ocrx_word' id='word_1_193' title='bbox 1132 2075 1479 2118; x_wconf 84' lang='lat' dir='ltr'>committerent.</span> 
     </span>
    </p>

    <p class='ocr_par' dir='ltr' id='par_1_9' title="bbox 209 2140 1483 2460">
     <span class='ocr_line' id='line_1_29' title="bbox 217 2140 1481 2195; baseline -0.001 -11"><span class='ocrx_word' id='word_1_194' title='bbox 217 2142 353 2194; x_wconf 87' lang='lat' dir='ltr'>Quod</span> <span class='ocrx_word' id='word_1_195' title='bbox 387 2143 426 2183; x_wconf 93' lang='lat' dir='ltr'>si</span> <span class='ocrx_word' id='word_1_196' title='bbox 459 2142 550 2183; x_wconf 87' lang='lat' dir='ltr'>ista</span> <span class='ocrx_word' id='word_1_197' title='bbox 573 2141 818 2195; x_wconf 86' lang='lat' dir='ltr'>Philippus</span> <span class='ocrx_word' id='word_1_198' title='bbox 840 2140 1087 2195; x_wconf 87' lang='lat' dir='ltr'>praedictus</span> <span class='ocrx_word' id='word_1_199' title='bbox 1117 2147 1359 2195; x_wconf 85' lang='lat' dir='ltr'>acceptare</span> <span class='ocrx_word' id='word_1_200' title='bbox 1388 2155 1481 2184; x_wconf 90' lang='lat' dir='ltr'>non</span> 
     </span>
     <span class='ocr_line' id='line_1_30' title="bbox 214 2207 1482 2262; baseline -0.001 -12"><span class='ocrx_word' id='word_1_201' title='bbox 214 2213 412 2259; x_wconf 90' lang='lat' dir='ltr'>curaret,</span> <span class='ocrx_word' id='word_1_202' title='bbox 426 2208 546 2249; x_wconf 86' lang='lat' dir='ltr'>infra</span> <span class='ocrx_word' id='word_1_203' title='bbox 563 2207 719 2249; x_wconf 87' lang='lat' dir='ltr'>decem</span> <span class='ocrx_word' id='word_1_204' title='bbox 739 2208 835 2249; x_wconf 89' lang='lat' dir='ltr'>dies</span> <span class='ocrx_word' id='word_1_205' title='bbox 857 2208 1067 2261; x_wconf 89' lang='lat' dir='ltr'>proximo</span> <span class='ocrx_word' id='word_1_206' title='bbox 1081 2212 1326 2262; x_wconf 89' lang='lat' dir='ltr'>sequentes</span> <span class='ocrx_word' id='word_1_207' title='bbox 1340 2208 1482 2262; x_wconf 85' lang='lat' dir='ltr'>juxta</span> 
     </span>
     <span class='ocr_line' id='line_1_31' title="bbox 209 2274 1482 2323; baseline 0 -7"><span class='ocrx_word' id='word_1_208' title='bbox 209 2275 448 2316; x_wconf 56' lang='lat' dir='ltr'>&gt;civitatem</span> <span class='ocrx_word' id='word_1_209' title='bbox 472 2274 810 2315; x_wconf 88' lang='lat' dir='ltr'>Tornacensem</span> <span class='ocrx_word' id='word_1_210' title='bbox 825 2287 927 2315; x_wconf 91' lang='lat' dir='ltr'>cum</span> <span class='ocrx_word' id='word_1_211' title='bbox 945 2274 1157 2315; x_wconf 89' lang='lat' dir='ltr'>universo</span> <span class='ocrx_word' id='word_1_212' title='bbox 1178 2275 1380 2315; x_wconf 87' lang='lat' dir='ltr'>exercitu</span> <span class='ocrx_word' id='word_1_213' title='bbox 1396 2287 1482 2323; x_wconf 81' lang='lat' dir='ltr'>suo</span> 
     </span>
     <span class='ocr_line' id='line_1_32' title="bbox 216 2338 1483 2394; baseline 0 -12"><span class='ocrx_word' id='word_1_214' title='bbox 216 2341 387 2382; x_wconf 88' lang='lat' dir='ltr'>bellum</span> <span class='ocrx_word' id='word_1_215' title='bbox 428 2340 558 2382; x_wconf 90' lang='lat' dir='ltr'>daret</span> <span class='ocrx_word' id='word_1_216' title='bbox 577 2354 587 2382; x_wconf 73' lang='grc' dir='ltr'>ε</span> <span class='ocrx_word' id='word_1_217' title='bbox 620 2345 666 2382; x_wconf 89' lang='lat' dir='ltr'>et</span> <span class='ocrx_word' id='word_1_218' title='bbox 701 2339 812 2394; x_wconf 92' lang='lat' dir='ltr'>quid</span> <span class='ocrx_word' id='word_1_219' title='bbox 849 2338 1171 2393; x_wconf 82' lang='lat' dir='ltr'>praedictorum</span> <span class='ocrx_word' id='word_1_220' title='bbox 1204 2340 1374 2394; x_wconf 87' lang='lat' dir='ltr'>eligere</span> <span class='ocrx_word' id='word_1_221' title='bbox 1404 2340 1483 2382; x_wconf 91' lang='lat' dir='ltr'>de-</span> 
     </span>
     <span class='ocr_line' id='line_1_33' title="bbox 218 2406 1481 2460; baseline -0.001 -11"><span class='ocrx_word' id='word_1_222' title='bbox 218 2408 452 2457; x_wconf 90' lang='lat' dir='ltr'>liberaret,</span> <span class='ocrx_word' id='word_1_223' title='bbox 470 2407 511 2448; x_wconf 93' lang='lat' dir='ltr'>ei</span> <span class='ocrx_word' id='word_1_224' title='bbox 532 2420 614 2460; x_wconf 90' lang='lat' dir='ltr'>per</span> <span class='ocrx_word' id='word_1_225' title='bbox 637 2406 795 2448; x_wconf 89' lang='lat' dir='ltr'>literas</span> <span class='ocrx_word' id='word_1_226' title='bbox 820 2418 929 2447; x_wconf 87' lang='lat' dir='ltr'>suas</span> <span class='ocrx_word' id='word_1_227' title='bbox 946 2406 1198 2447; x_wconf 89' lang='lat' dir='ltr'>remitteret</span> <span class='ocrx_word' id='word_1_228' title='bbox 1219 2407 1317 2448; x_wconf 90' lang='lat' dir='ltr'>sine</span> <span class='ocrx_word' id='word_1_229' title='bbox 1339 2419 1481 2448; x_wconf 88' lang='lat' dir='ltr'>mora.</span> 
     </span>
    </p>
   </div>
   <div class='ocr_carea' id='block_1_7' title="bbox 219 2471 1482 2582">
    <p class='ocr_par' dir='ltr' id='par_1_10' title="bbox 219 2471 1482 2582">
     <span class='ocr_line' id='line_1_34' title="bbox 220 2471 1482 2527; baseline -0.001 -12"><span class='ocrx_word' id='word_1_230' title='bbox 220 2473 477 2527; x_wconf 89' lang='lat' dir='ltr'>Rescripsit</span> <span class='ocrx_word' id='word_1_231' title='bbox 506 2478 658 2515; x_wconf 90' lang='lat' dir='ltr'>autem</span> <span class='ocrx_word' id='word_1_232' title='bbox 682 2473 723 2514; x_wconf 91' lang='lat' dir='ltr'>ei</span> <span class='ocrx_word' id='word_1_233' title='bbox 745 2485 828 2514; x_wconf 85' lang='lat' dir='ltr'>rex</span> <span class='ocrx_word' id='word_1_234' title='bbox 857 2472 1064 2513; x_wconf 85' lang='lat' dir='ltr'>Franciae</span> <span class='ocrx_word' id='word_1_235' title='bbox 1086 2472 1132 2513; x_wconf 91' lang='lat' dir='ltr'>in</span> <span class='ocrx_word' id='word_1_236' title='bbox 1154 2471 1363 2514; x_wconf 84' lang='lat' dir='ltr'>Gallico⁸</span> <span class='ocrx_word' id='word_1_237' title='bbox 1397 2473 1482 2514; x_wconf 91' lang='lat' dir='ltr'>sub</span> 
     </span>
     <span class='ocr_line' id='line_1_35' title="bbox 219 2539 488 2582; baseline 0 -1"><span class='ocrx_word' id='word_1_238' title='bbox 219 2539 305 2582; x_wconf 88' lang='lat' dir='ltr'>hac</span> <span class='ocrx_word' id='word_1_239' title='bbox 326 2540 488 2582; x_wconf 85' lang='lat' dir='ltr'>forma.</span> 
     </span>
    </p>
   </div>
   <div class='ocr_carea' id='block_1_8' title="bbox 1488 504 1680 508">
    <p class='ocr_par' dir='ltr' id='par_1_11' title="bbox 1488 504 1680 508">
     <span class='ocr_line' id='line_1_36' title="bbox 1488 504 1680 508; baseline 0 0"><span class='ocrx_word' id='word_1_240' title='bbox 1488 504 1680 508; x_wconf 95' lang='lat' dir='ltr'> </span> 
     </span>
    </p>
   </div>
   <div class='ocr_carea' id='block_1_9' title="bbox 222 2681 1489 2865">
    <p class='ocr_par' dir='ltr' id='par_1_12' title="bbox 222 2681 1489 2865">
     <span class='ocr_line' id='line_1_37' title="bbox 269 2681 1484 2724; baseline 0.002 -9"><span class='ocrx_word' id='word_1_241' title='bbox 269 2682 277 2702; x_wconf 83' lang='lat'>¹</span> <span class='ocrx_word' id='word_1_242' title='bbox 293 2684 376 2716; x_wconf 80' lang='lat' dir='ltr'>This</span> <span class='ocrx_word' id='word_1_243' title='bbox 387 2684 573 2724; x_wconf 84' lang='lat' dir='ltr'>challenge‚</span> <span class='ocrx_word' id='word_1_244' title='bbox 585 2684 717 2724; x_wconf 87' lang='lat' dir='ltr'>printed</span> <span class='ocrx_word' id='word_1_245' title='bbox 727 2687 762 2715; x_wconf 87' lang='lat' dir='ltr'>at</span> <span class='ocrx_word' id='word_1_246' title='bbox 773 2683 835 2715; x_wconf 88' lang='lat' dir='ltr'>full</span> <span class='ocrx_word' id='word_1_247' title='bbox 917 2681 931 2702; x_wconf 76' lang='lat'>²</span> <span class='ocrx_word' id='word_1_248' title='bbox 954 2684 964 2700; x_wconf 91' lang='lat'>‘</span> <span class='ocrx_word' id='word_1_249' title='bbox 981 2693 1046 2714; x_wconf 94' lang='lat' dir='ltr'>non</span> <span class='ocrx_word' id='word_1_250' title='bbox 1076 2683 1226 2723; x_wconf 80' lang='lat' dir='ltr'>placeret</span> <span class='ocrx_word' id='word_1_251' title='bbox 1260 2684 1350 2724; x_wconf 88' lang='lat' dir='ltr'>sibi,&#39;</span> <span class='ocrx_word' id='word_1_252' title='bbox 1384 2685 1484 2718; x_wconf 91' lang='lat' dir='ltr'><strong>MSS.</strong></span> 
     </span>
     <span class='ocr_line' id='line_1_38' title="bbox 222 2728 1485 2773; baseline 0.002 -11"><span class='ocrx_word' id='word_1_253' title='bbox 222 2731 257 2762; x_wconf 88' lang='lat' dir='ltr'>in</span> <span class='ocrx_word' id='word_1_254' title='bbox 273 2731 426 2770; x_wconf 79' lang='lat' dir='ltr'>Rymer’s</span> <span class='ocrx_word' id='word_1_255' title='bbox 443 2730 589 2762; x_wconf 83' lang='lat' dir='ltr'>Foedera</span> <span class='ocrx_word' id='word_1_256' title='bbox 605 2728 659 2773; x_wconf 91' lang='lat' dir='ltr'>(ii.</span> <span class='ocrx_word' id='word_1_257' title='bbox 677 2729 791 2772; x_wconf 79' lang='lat'>1131),</span> <span class='ocrx_word' id='word_1_258' title='bbox 807 2731 836 2762; x_wconf 78' lang='lat' dir='ltr'>is</span> <span class='ocrx_word' id='word_1_259' title='bbox 872 2729 959 2762; x_wconf 86' lang='lat' dir='ltr'>Coll.</span> <span class='ocrx_word' id='word_1_260' title='bbox 980 2730 1072 2762; x_wconf 88' lang='lat' dir='ltr'>Trin.</span> <span class='ocrx_word' id='word_1_261' title='bbox 1097 2730 1140 2761; x_wconf 85' lang='lat' dir='ltr'>R.</span> <span class='ocrx_word' id='word_1_262' title='bbox 1166 2733 1199 2770; x_wconf 88' lang='grc'>5,</span> <span class='ocrx_word' id='word_1_263' title='bbox 1222 2732 1275 2771; x_wconf 93' lang='grc'>10,</span> <span class='ocrx_word' id='word_1_264' title='bbox 1302 2731 1369 2762; x_wconf 85' lang='lat' dir='ltr'>and</span> <span class='ocrx_word' id='word_1_265' title='bbox 1396 2731 1485 2764; x_wconf 83' lang='lat' dir='ltr'>Cott.</span> 
     </span>
     <span class='ocr_line' id='line_1_39' title="bbox 222 2776 1094 2818; baseline 0.001 -10"><span class='ocrx_word' id='word_1_266' title='bbox 222 2777 324 2809; x_wconf 87' lang='lat' dir='ltr'>dated</span> <span class='ocrx_word' id='word_1_267' title='bbox 339 2779 358 2808; x_wconf 83' lang='grc' dir='ltr'><em>ὰ</em></span> <span class='ocrx_word' id='word_1_268' title='bbox 386 2777 478 2818; x_wconf 83' lang='lat' dir='ltr'>Chyn</span> <span class='ocrx_word' id='word_1_269' title='bbox 500 2787 557 2808; x_wconf 82' lang='lat' dir='ltr'>sur</span> <span class='ocrx_word' id='word_1_270' title='bbox 578 2778 623 2809; x_wconf 79' lang='lat' dir='ltr'>les</span> <span class='ocrx_word' id='word_1_271' title='bbox 646 2777 785 2818; x_wconf 75' lang='lat' dir='ltr'>Champs</span> <span class='ocrx_word' id='word_1_272' title='bbox 799 2778 837 2809; x_wconf 84' lang='lat' dir='ltr'>de</span> <span class='ocrx_word' id='word_1_273' title='bbox 874 2776 978 2816; x_wconf 89' lang='lat' dir='ltr'>Nero,</span> <span class='ocrx_word' id='word_1_274' title='bbox 995 2776 1040 2808; x_wconf 92' lang='lat' dir='ltr'>D.</span> <span class='ocrx_word' id='word_1_275' title='bbox 1058 2777 1094 2809; x_wconf 90' lang='lat' dir='ltr'>ii.</span> 
     </span>
     <span class='ocr_line' id='line_1_40' title="bbox 223 2822 1489 2865; baseline 0.001 -10"><span class='ocrx_word' id='word_1_276' title='bbox 223 2824 303 2855; x_wconf 75' lang='lat' dir='ltr'>Lees</span> <span class='ocrx_word' id='word_1_277' title='bbox 317 2824 472 2864; x_wconf 69' lang='lat' dir='ltr'>Tanamey,</span> <span class='ocrx_word' id='word_1_278' title='bbox 485 2834 527 2855; x_wconf 87' lang='lat' dir='ltr'>on</span> <span class='ocrx_word' id='word_1_279' title='bbox 539 2823 594 2855; x_wconf 89' lang='lat' dir='ltr'>the</span> <span class='ocrx_word' id='word_1_280' title='bbox 607 2824 686 2856; x_wconf 81' lang='lat' dir='ltr'>2oth</span> <span class='ocrx_word' id='word_1_281' title='bbox 696 2824 836 2863; x_wconf 82' lang='lat' dir='ltr'>ofJuly.</span> <span class='ocrx_word' id='word_1_282' title='bbox 918 2824 930 2843; x_wconf 83' lang='lat'><strong>³</strong></span> <span class='ocrx_word' id='word_1_283' title='bbox 956 2823 1048 2863; x_wconf 85' lang='lat' dir='ltr'>King</span> <span class='ocrx_word' id='word_1_284' title='bbox 1065 2822 1210 2863; x_wconf 80' lang='lat' dir='ltr'>Philip&#39;s</span> <span class='ocrx_word' id='word_1_285' title='bbox 1234 2824 1328 2864; x_wconf 84' lang='lat' dir='ltr'>reply</span> <span class='ocrx_word' id='word_1_286' title='bbox 1345 2825 1374 2856; x_wconf 85' lang='lat' dir='ltr'>is</span> <span class='ocrx_word' id='word_1_287' title='bbox 1390 2825 1489 2865; x_wconf 83' lang='lat' dir='ltr'>given</span> 
     </span>
    </p>
   </div>
  </div>
 </body>
</html>
