2038 3306
479 295 702 328 wAurEm
737 295 797 326 nu
829 295 1206 326 nmnNcBURGH.
1385 282 1473 325 367

207 407 300 444 tem
341 401 471 443 vobis
517 401 786 454 simpliciter
826 401 893 442 sic
933 400 1157 442 mittimus
1196 403 1244 440 et
1285 410 1471 452 grosse3
1491 408 1689 468 {dwgrffffln

206 468 387 510 affectio
418 468 538 510 enim
575 480 744 521 magna
790 480 926 521 quam
970 480 1080 520 erga
1108 478 1191 508 vos
1237 459 1676 523 habemusqh'eA'rchJ

205 535 464 584 habuimus,
489 538 536 575 et
573 547 769 588 semper,
806 534 906 575 Deo
946 539 1150 583 auctore,
1186 532 1471 582 habebimus,
1490 531 1688 595 ‘c‘fflt'e‘ssffim

205 601 392 643 honoris
412 600 554 642 vestri
576 614 630 642 ac
654 607 790 642 terrae
808 599 1113 649 conservatio,
1131 603 1192 649 et,
1208 611 1471 652 quanquam
1489 598 1614 662 ξξξζῖῑῡ
1626 598 1676 623 ²¹¹³

204 667 398 722 indigni,
441 668 612 722 primas
648 673 802 708 tamen
833 666 975 708 totius
1007 664 1186 719 Angliae
1211 665 1471 715 existimus,

205 739 253 776 et
271 740 407 788 pater
427 739 580 776 vester
600 733 854 787 spiritualis
871 732 1076 774 excitare
1098 744 1181 774 vos
1201 731 1471 780 dinoscitur,

205 800 410 855 pericula
449 801 613 841 animae
653 805 820 840 vestrae
864 811 919 840 ac
954 803 1105 839 status
1145 798 1470 839 detrimentum

206 866 502 915 denunciare,
527 865 759 915 mandare,
782 877 837 906 ac
869 865 1141 918 praemunire
1162 877 1266 905 cum
1290 864 1471 905 effectu.

207 932 407 986 Spiritus
428 932 644 981 Sanctus,
669 931 866 981 domine,
890 943 1056 984 corpus
1081 935 1284 972 vestrum
1306 936 1353 971 et
1373 930 1473 970 ani-

207 1011 328 1040 mam
352 998 500 1040 salvet
524 1003 570 1039 et
588 997 833 1046 custodiat,
856 998 1143 1050 gratiamque
1167 997 1334 1037 bonum
1366 1008 1473 1036 con-

208 1065 360 1106 silium
382 1064 579 1105 habendi
611 1069 657 1105 et
686 1075 865 1113 sanum,
893 1076 947 1104 ac
978 1062 1207 1112 credendi,
1235 1061 1471 1103 victoriam

210 1144 386 1173 necnon
399 1131 684 1172 inimicorum
695 1134 953 1171 vestrorum
964 1129 1092 1170 vobis
1109 1128 1357 1170 concedere
1373 1128 1474 1181 dig-

206 1203 354 1239 netur.
396 1202 408 1220 ‘
421 1197 595 1239 Datum
611 1196 878 1239 Cantuariae
897 1196 1043 1250 primo
1057 1195 1131 1236 die
1147 1195 1176 1237 J
1181 1195 1371 1236 anuarii.
1387 1194 1398 1210 '
1415 1194 1442 1210 '’
1461 1194 1470 1216 ¹

241 1346 428 1399 Qualiter
446 1346 789 1402 Arckiepiscopus
807 1346 974 1402 scripsit
996 1345 1254 1388 Cancellario
1276 1345 1455 1402 Anyliae.

276 1462 470 1516 Scripsit
491 1463 628 1504 etiam
661 1462 779 1504 idem
811 1462 1180 1516 archiepiscopus
1202 1462 1476 1504 cancellario
1493 1469 1556 1528 ἓξὲξ]
1559 1469 1654 1534 0213}-

208 1528 392 1582 Angliae
413 1529 460 1570 in
497 1528 694 1578 Gallico,
717 1530 801 1570 sub
825 1529 907 1570 tali
938 1529 1099 1570 forma.
1171 1532 1200 1551 “
1220 1529 1250 1571 J
1255 1529 1476 1579 ohannes,
1494 1534 1695 1567 Canterbury's

1495 1569 1578 1594 letter
1591 1574 1618 1593 to
1631 1570 1682 1593 the

207 1595 504 1648 permissione
527 1594 685 1636 divina
709 1595 1056 1636 Cantuariensis
1089 1595 1476 1650 archiepiscopus,
1495 1603 1566 1627 Lord
1580 1603 1671 1627 Chan-

1494 1636 1588 1666 cellor,

209 1662 352 1703 totius
372 1660 557 1714 Angliae
576 1662 759 1715 primam,
784 1667 829 1702 et
848 1661 970 1702 sedis
991 1661 1258 1715 apostolicae
1280 1661 1477 1715 legatus,
1494 1669 1617 1728 ξὲῐτιιᾱέἕ,

209 1728 392 1769 domino
452 1728 657 1769 Roberto
705 1727 748 1768 Ie
802 1728 1004 1769 Bourser
1056 1727 1331 1769 cancellario
1379 1727 1477 1769 An·
1552 1721 1558 1727 “
1607 1720 1614 1726 ’

209 1794 331 1847 gliae,
375 1794 610 1835 libertates
646 1799 820 1836 sanctae
857 1794 1061 1836 ecclesiae
1093 1801 1140 1836 et
1180 1800 1313 1836 terrae
1350 1794 1477 1848 leges

208 1860 412 1902 illibatas
459 1861 760 1902 conservandi
799 1861 1100 1902 voluntatem.
1182 1861 1310 1902 Dicit
1355 1862 1477 1902 enim

212 1928 413 1980 sapiens,
463 1927 585 1979 quod
640 1927 812 1967 veritas
854 1927 1138 1980 praecognita
1178 1939 1233 1968 ac
1278 1928 1477 1980 praevisa

209 1992 412 2047 pericula
445 2005 537 2034 non
571 1993 750 2034 modica
782 1993 976 2034 evadere
1010 1992 1121 2034 facit
1156 1997 1263 2046 post
1285 1993 1473 2041 futura3

207 2059 402 2113 ideoque
443 2071 526 2100 vos
562 2058 818 2111 intelligere
858 2059 1070 2100 volumus
1121 2058 1244 2112 quod
1287 2058 1475 2100 decimae

209 2131 383 2167 sanctae
423 2125 630 2166 ecclesiae
673 2139 755 2179 per
794 2138 933 2166 unum
975 2137 1142 2166 annum
1184 2138 1267 2178 per
1304 2124 1475 2166 clerum

208 2197 378 2233 nostrae
416 2191 761 2234 Cantuariensis
801 2191 1048 2245 provinciae
1090 2191 1274 2233 domino
1317 2197 1475 2234 nostro

208 2258 305 2311 regi
326 2257 489 2299 ultimo
521 2270 766 2307 concessae,
785 2257 903 2299 citra
933 2258 1098 2299 festum
1123 2257 1281 2299 Sancti
1296 2257 1325 2299 J
1331 2257 1475 2299 ohan-

208 2325 279 2365 nis
326 2324 554 2378 Baptistae
599 2325 809 2378 proximo
846 2324 1050 2365 futurum
1087 2324 1223 2366 certis
1273 2325 1477 2366 terminis

208 2403 313 2431 cum
354 2391 457 2431 aliis
502 2390 688 2431 decimis
731 2403 760 2431 a
795 2395 919 2431 retro
962 2391 1268 2432 existentibus
1306 2390 1477 2445 persol-

209 2457 388 2506 vendae,
408 2457 494 2497 sub
516 2457 653 2498 certis
673 2469 902 2498 concessae
922 2456 1103 2498 fuerant
1124 2457 1474 2507 conditionibus,

209 2523 438 2577 certisque
482 2523 689 2564 articulis
725 2536 752 2563 a
791 2523 974 2564 domino
1008 2527 1163 2564 nostro
1201 2537 1309 2576 rege
1352 2523 1474 2564 dicto

209 2590 333 2631 clero
363 2589 609 2639 concessis,
632 2595 678 2630 et
708 2603 790 2643 per
821 2594 996 2630 cartam
1020 2602 1152 2630 suam
1177 2589 1473 2631 confirmatis.

211 2656 272 2698 Et
292 2656 494 2710 insuper,
517 2656 638 2710 quod
657 2656 807 2697 dictus
835 2656 983 2696 clerus
1010 2655 1136 2697 nulla
1156 2656 1248 2697 alia
1266 2657 1475 2726 portiqne

532 2803 539 2822 ¹
564 2806 730 2846 Supplied
745 2806 827 2837 from
847 2805 921 2837 MS.
939 2806 1037 2838 Harl.
1054 2809 1130 2839 655.
