2038 3306
460 298 686 330 WAn'rssm
720 299 781 329 DE
812 298 997 330 Hssmmc
1007 298 1185 330 nuncu.
1369 285 1457 327 385

195 401 304 455 quia
345 401 448 456 ejus
488 403 720 457 personali
763 403 992 457 colloquio
1037 403 1126 445 frui
1167 401 1436 444 volebamus

1474 404 1594 431 Edwsrd
1614 403 1670 429 111.

1441 433 1454 450 ’
1488 439 1525 464 A.
1535 438 1570 463 D.
1585 438 1658 462 1341.

196 467 482 510 Londoniam
506 470 660 511 venire
692 471 915 512 maturius
940 483 1029 511 non
1055 469 1273 511 tardaret.
1343 466 1452 520 Ipse
1471 493 1549 523 ΚΜ
1562 493 1615 518 Ed-

194 546 320 584 vero,
357 546 538 589 semper
576 536 776 577 tumidus
812 536 859 577 in
897 536 1129 590 prosperis
1173 540 1221 576 et
1266 533 1451 576 timidus

192 599 239 640 in
263 600 485 652 adversis,
507 602 742 656 trepidans
769 602 932 644 timore
956 602 1033 643 ubi
1059 615 1148 643 non
1176 604 1277 643 erat
1300 599 1451 649 timor,

194 666 282 707 sibi
330 668 582 720 periculum
633 682 714 723 per
765 668 944 722 aliquos
993 668 1125 710 nobis
1182 667 1453 708 assistentes

194 731 518 786 intemptatum
567 739 614 776 et
672 735 1015 784 comminatum,
1063 734 1104 775 si
1150 733 1208 774 ab
1259 732 1453 776 ecclesia

196 797 518 841 Cantuariensi
539 800 787 851 recederet,
804 801 1039 842 imminere
1060 801 1209 841 minus
1229 799 1454 840 veraciter

194 864 429 918 allegavit,
470 866 580 919 quia
633 866 735 916 hoc,
781 871 899 908 teste
939 866 1040 907 Deo
1086 870 1133 907 et
1181 878 1297 918 pura
1345 877 1453 908 con·

195 930 402 981 scientia,
432 943 668 985 nunquam
705 932 753 972 in
787 935 985 973 mentem
1023 935 1228 973 nostram
1271 930 1452 980 cecidit,

195 1009 279 1037 nec
300 996 496 1051 alicujus
519 997 649 1038 nobis
670 997 943 1046 assistentiS,
965 1001 1017 1038 ut
1037 996 1278 1046 credimus,
1299 997 1454 1049 tetigit

195 1062 463 1115 cogitatum,
514 1076 776 1118 quanquam
828 1063 951 1104 clero
1002 1068 1050 1105 et
1097 1063 1270 1117 populo
1325 1063 1453 1115 regni

195 1129 339 1171 nostri
371 1128 671 1183 malignitatis
708 1142 804 1171 suae
842 1129 1007 1171 merito
1044 1142 1094 1170 se
1127 1129 1323 1171 reddidit
1354 1128 1452 1171 odi-

196 1207 344 1236 osum.
416 1194 516 1237 Nos
575 1200 730 1237 autem
780 1196 859 1249 qui
907 1200 1097 1237 cunctos
1150 1195 1209 1236 ad
1249 1201 1452 1237 nostram

198 1261 489 1314 praesentiam
536 1261 766 1310 accedere,
800 1262 1029 1315 praecipue
1069 1261 1238 1303 nostris
1272 1261 1330 1302 ad
1367 1261 1453 1302 hoc

198 1326 344 1368 literis
392 1327 466 1369 vel
519 1328 697 1368 nunciis
743 1327 1009 1377 advocatos,
1058 1327 1195 1381 plena
1245 1327 1454 1368 volumus

197 1393 442 1435 securitate
485 1393 702 1446 gaudere,
737 1393 795 1435 ad
838 1393 1192 1435 convincendam
1225 1393 1325 1447 ejus
1360 1405 1454 1434 ma-

198 1458 361 1509 litiam,
385 1459 601 1500 dilectum
633 1464 679 1501 et
711 1459 889 1501 fidelem
917 1464 1126 1501 nostrum
1154 1459 1454 1513 Radulphum

198 1524 255 1565 de
304 1524 547 1575 Stafforde,
593 1525 778 1579 hospitii
831 1526 976 1567 nostri
1034 1525 1351 1575 senescallum,
1398 1525 1455 1566 ad

198 1590 350 1644 ipsum
386 1591 728 1640 destinavimus,
770 1596 820 1633 ut
856 1592 896 1633 ei
934 1604 1143 1632 securum
1180 1591 1458 1634 conductum

199 1656 382 1698 offerret
412 1661 458 1698 et
483 1656 682 1709 faceret3
716 1658 867 1711 regias
890 1671 1030 1712 super
1051 1657 1135 1699 hoc
1164 1657 1458 1698 nihilominus

199 1722 355 1764 literas
404 1727 617 1777 patentes
672 1723 826 1777 sigillo
878 1723 1005 1777 regio
1063 1723 1359 1776 consignatas
1418 1723 1461 1765 ei

199 1788 388 1831 fecimus
422 1790 707 1844 praesentari,
744 1789 912 1832 iterato
945 1789 1213 1831 mandantes
1247 1789 1368 1843 quod
1401 1789 1459 1831 ad

200 1868 285 1896 nos
319 1856 621 1909 personaliter
659 1855 911 1906 accederet,
939 1855 1202 1898 inchoatam
1235 1855 1459 1899 sollicitu-

200 1921 351 1962 dinem
374 1927 579 1963 nostram
603 1921 931 1963 informaturus
953 1935 1091 1975 super
1111 1921 1242 1975 regni
1264 1922 1461 1974 negotiis

201 2000 304 2041 quae
325 1987 464 2041 longo
488 1992 692 2041 tempore
713 1993 936 2040 gesserat,
958 1992 1010 2029 ut
1031 1987 1287 2042 praefertur.
1351 1987 1460 2041 Ipse

203 2066 327 2103 vero,
349 2067 535 2107 precum
567 2059 614 2095 et
642 2053 963 2095 mandatorum
988 2059 1248 2095 nostrorum
1270 2053 1461 2095 lenitate

202 2125 481 2173 contempta,
515 2119 644 2161 vultu
678 2124 724 2161 et
755 2120 908 2161 animo
938 2119 1177 2173 indignato
1209 2120 1459 2173 respondit,

202 2185 326 2239 quod
388 2198 438 2227 se
502 2186 671 2227 nostris
720 2186 1040 2240 conspectibus
1085 2198 1166 2227 seu
1222 2185 1460 2239 colloquiis

202 2264 494 2306 nequaquam
526 2252 768 2302 conferret,
790 2252 878 2293 nisi
908 2252 952 2293 in
987 2251 1122 2305 pleno
1158 2252 1460 2305 parliamento

205 2323 377 2368 nostro,
408 2317 529 2371 quod
566 2318 613 2359 in
648 2317 736 2359 hiis
769 2318 946 2368 diebus,
975 2331 1036 2359 ex
1072 2318 1224 2359 causis
1257 2318 1460 2360 rationa-

203 2384 386 2433 bilibus,
429 2384 692 2426 nullatenus
730 2384 918 2437 expedit
958 2384 1219 2426 convocari.
1294 2383 1461 2439 Sicque

203 2449 323 2492 idem
383 2449 754 2504 archiepiscopus
803 2463 938 2503 quem
987 2450 1156 2503 regalis
1202 2450 1462 2503 benignitas

203 2515 434 2557 beneficiis
470 2521 516 2558 et
553 2515 799 2558 honoribus
833 2516 1089 2569 magnificis
1126 2516 1382 2570 ampliavit,
1416 2522 1463 2558 et

204 2582 251 2622 in
294 2595 390 2623 suae
429 2582 754 2624 familiaritatis
801 2583 1069 2634 sacrarium,
1108 2588 1154 2624 et
1187 2583 1462 2624 unanimita-

202 2652 294 2689 tem
333 2649 561 2698 amicitiae‚
598 2653 644 2690 et
695 2648 924 2690 vinculum
966 2648 1167 2698 foederis,
1206 2649 1462 2699 accersivit,

203 2726 343 2767 super
386 2727 538 2768 quem,
580 2715 700 2756 sicut
744 2719 921 2768 patrem
963 2714 1266 2762 carissimum,
1311 2720 1465 2757 noster

202 2780 392 2833 spiritus
446 2786 492 2822 et
542 2780 722 2825 animus
776 2780 1016 2835 requievit,
1054 2781 1305 2835 quinetiam
1356 2780 1465 2824 dum

271 2873 374 2903 VOL.
400 2873 451 2904 11.
1179 2876 1205 2905 C
1238 2876 1263 2906 G

1471 525 1569 552 wnrd’·
1589 526 1672 551 letter

1469 562 1498 584 to
1508 560 1555 585 the
1566 559 1671 591 Binhop

1467 593 1500 618 or
1508 592 1636 623 London.
