2038 3306
310 461 429 488 Edwsrd
442 461 465 486 1.

304 496 341 521 A.
353 495 388 520 D.
404 493 479 520 1²97.

292 549 492 576 Confirmation

295 584 326 609 or
338 583 441 615 Magna

294 617 406 643 Charta.

303 1117 364 1142 'l'he
376 1115 483 1141 statute

305 1151 323 1163 ¹⁸
334 1150 376 1174 De
388 1147 478 1173 Talla-

302 1182 348 1215 gio
359 1188 415 1206 non
428 1187 492 1205 eon·

304 1212 455 1241 cedendo?

504 335 589 377 152
987 342 1264 374 οιιηοΝιοοΝ

578 448 867 501 Missumque
899 452 971 487 est
1008 445 1130 488 idem
1167 446 1390 500 scriptum
1425 446 1484 488 ad
1524 459 1679 500 regem
1721 445 1768 486 in

514 514 791 561 Flandriam‚
807 516 860 553 ut
875 511 1077 565 sigillum
1095 524 1230 553 suum
1249 516 1477 554 secretum
1491 515 1764 566 apponeret;

511 592 727 632 magnum
770 578 888 618 enim
926 577 1128 630 sigillum
1163 590 1267 618 cum
1303 577 1396 619 filio
1431 579 1554 630 regis
1590 590 1768 619 reman-

513 650 651 687 serat.
712 643 861 685 Missa
912 643 1050 684 etiam
1091 647 1200 684 sunt
1248 643 1528 696 transcripta
1581 643 1771 695 Magnae

514 711 667 753 Cartae
705 714 752 751 et
795 708 949 751 Cartae
999 707 1055 749 de
1101 708 1296 749 Foresta
1348 720 1451 749 cum
1502 708 1773 762 subscriptis

512 775 718 819 articulis
759 775 805 816 in
848 775 936 816 fine
976 773 1162 828 Magnae
1203 772 1358 816 Cartae
1396 773 1595 824 insertis,
1631 778 1683 814 ut
1717 785 1773 814 ea

513 842 722 883 similiter
742 840 1051 895 consignaret.

763 988 949 1030 Articuli
970 987 1116 1030 inserti
1134 987 1180 1030 in
1199 988 1363 1044 Mayna
1389 988 1534 1030 Carta.

587 1102 805 1146 Nullum¹
855 1103 1112 1156 talliagium
1165 1103 1237 1145 vel
1287 1103 1512 1145 auxilium
1562 1115 1645 1156 per
1694 1115 1777 1143 nos

522 1170 595 1211 vel
629 1169 832 1211 haeredes
860 1174 1040 1211 nostros
1071 1168 1127 1210 de
1156 1174 1324 1210 caetero
1363 1169 1407 1209 in
1445 1181 1589 1225 regno
1623 1174 1780 1208 nostro

521 1236 785 1289 imponatur
804 1247 887 1275 seu
915 1234 1110 1284 levetur,
1135 1235 1234 1275 sine
1257 1234 1493 1275 voluntate
1520 1238 1566 1275 et
1589 1245 1781 1275 assensu

522 1300 751 1343 communi
781 1300 1240 1353 archiepiscoporum,
1271 1301 1590 1353 episcoporum
1623 1304 1670 1340 et
1704 1298 1782 1340 ali-

524 1379 654 1408 orum
683 1365 996 1419 praelatorum,
1027 1365 1259 1415 comitum,
1299 1366 1539 1415 baronum,
1570 1365 1783 1413 militum,

524 1431 838 1485 burgensium,
866 1436 912 1472 et
948 1431 1142 1472 aliorum
1185 1432 1430 1473 liberorum
1467 1431 1703 1473 hominum
1736 1430 1784 1471 in

526 1510 668 1551 regno
691 1502 865 1538 nostro.
928 1496 1099 1538 Nullus
1125 1497 1331 1539 minister
1356 1503 1514 1539 noster
1536 1497 1608 1538 vel
1639 1497 1784 1538 haere·

527 1563 634 1604 dum
674 1568 933 1604 nostrorum
968 1563 1123 1616 capiat
1162 1563 1312 1612 blada,
1347 1563 1496 1612 lanas,
1532 1564 1672 1612 coria,
1706 1569 1788 1604 aut

530 1629 687 1683 aliqua
708 1628 800 1670 alia
828 1629 949 1670 bona
985 1628 1314 1683 cujuscunque,
1343 1629 1443 1670 sine
1473 1629 1711 1670 voluntate
1742 1634 1787 1669 et

531 1707 719 1735 assensu
759 1694 883 1735 illius
933 1694 1064 1748 cujus
1121 1694 1291 1736 fuerint
1341 1694 1603 1748 hujusmodi
1651 1695 1786 1736 bona.

533 1759 661 1802 Nihil
688 1759 900 1813 capiatur
935 1760 991 1801 de
1024 1766 1191 1802 caetero
1232 1760 1412 1802 nomine
1443 1760 1515 1801 vel
1547 1761 1790 1802 occasione

531 1826 666 1868 malae
702 1825 830 1867 toltae
863 1826 919 1867 de
948 1838 1083 1868 sacco
1113 1826 1247 1868 lanae.
1318 1826 1548 1868 Volumus
1578 1826 1716 1868 etiam
1741 1835 1787 1867 et

531 1891 838 1941 concedimus,
859 1904 942 1945 pro
966 1892 1096 1933 nobis
1116 1897 1162 1933 et
1182 1892 1438 1934 haeredibus
1462 1892 1646 1942 nostris,
1667 1892 1789 1945 quod

533 1970 691 1998 omnes
735 1958 888 1998 clerici
921 1962 967 1998 et
995 1958 1102 1999 laici
1132 1957 1188 1999 de
1219 1971 1362 2011 regno
1392 1963 1549 1999 nostro
1590 1957 1790 1999 habeant

533 2036 693 2064 omnes
722 2023 865 2076 leges,
894 2023 1131 2065 libertates
1164 2030 1210 2065 et
1239 2024 1407 2065 liberas
1438 2024 1792 2065 consuetudines

533 2101 642 2130 suas
672 2090 740 2131 ita
769 2089 910 2130 libere
936 2093 982 2130 et
1010 2089 1189 2142 integre
1221 2090 1342 2131 sicut
1368 2103 1447 2131 eas
1478 2090 1634 2143 aliquo
1675 2094 1792 2131 tem-

535 2167 644 2208 pore
667 2155 847 2208 plenius
868 2159 914 2196 et
937 2155 1101 2196 melius
1128 2155 1296 2197 habere
1317 2160 1665 2197 consueverunt.
1735 2155 1796 2196 Et

536 2220 574 2260 si
620 2226 782 2262 contra
820 2220 924 2261 illas
965 2220 1039 2262 vel
1083 2234 1400 2275 quemcunque
1453 2222 1698 2263 articulum
1749 2222 1796 2262 in

536 2287 753 2338 praesenti
789 2291 919 2327 carta
953 2292 1218 2328 contentum
1251 2291 1429 2328 statuta
1470 2287 1638 2329 fuerint
1672 2287 1796 2330 edita

583 2422 593 2442 ¹
619 2425 758 2457 “Much
772 2425 912 2465 doubt‚”
933 2435 1012 2466 says
1029 2425 1153 2457 Black·
1187 2427 1335 2458 abstract
1364 2427 1403 2458 of
1428 2428 1455 2458 it
1483 2428 1517 2458 in
1552 2429 1691 2461 another
1727 2431 1799 2461 lan-

538 2474 644 2511 stone,
658 2471 755 2503 “has
778 2472 863 2503 been
877 2472 990 2503 raised
1004 2471 1155 2504 whether
1188 2472 1333 2513 guage.''
1381 2473 1437 2504 He
1474 2474 1603 2505 further
1637 2477 1802 2516 remarks,

538 2516 631 2549 what
657 2518 686 2549 is
711 2518 849 2558 usually
869 2518 1002 2558 printed
1028 2521 1063 2549 in
1093 2528 1156 2550 our
1188 2519 1261 2550 that
1291 2519 1329 2550 of
1354 2518 1421 2550 this
1451 2522 1576 2551 statute
1599 2521 1799 2562 “Heming-

540 2566 663 2595 statute
685 2564 791 2595 books
813 2564 921 2596 under
936 2564 993 2596 the
1008 2574 1104 2596 name
1122 2565 1160 2596 of
1189 2565 1262 2596 ford
1288 2564 1350 2596 has
1374 2566 1473 2605 given
1497 2575 1538 2597 us
1563 2565 1619 2597 the
1643 2571 1728 2598 most
1752 2570 1802 2599 in-

538 2609 730 2640 ‘Statutum
745 2610 787 2641 de
808 2611 946 2651 tallagio
957 2620 1023 2642 non
1038 2620 1155 2642 conce·
1188 2611 1352 2650 telligible
1389 2621 1474 2651 copy
1509 2612 1548 2642 of
1579 2621 1646 2652 any
1674 2617 1802 2655 extant,

541 2655 673 2694 dendo‚'
710 2665 782 2687 was
816 2657 921 2696 really
952 2666 974 2687 a
1001 2660 1155 2696 separate
1189 2657 1262 2688 that
1283 2658 1415 2696 printed
1431 2659 1464 2688 in
1481 2668 1543 2688 our
1558 2662 1681 2690 statute
1698 2661 1803 2692 books

541 2700 635 2740 thing
679 2701 763 2732 from
814 2702 881 2734 this
929 2703 1154 2734 confirmation
1189 2703 1289 2742 being
1304 2704 1336 2733 in
1353 2713 1443 2734 some
1467 2707 1559 2742 parts
1575 2713 1611 2735 so
1627 2706 1803 2738 mutilated

543 2747 680 2777 enacted
697 2748 730 2777 in
746 2748 801 2779 the
818 2749 1015 2787 parliament
1025 2753 1060 2780 at
1070 2749 1154 2779 Lou-
1189 2758 1227 2780 as
1242 2749 1359 2788 totally
1382 2752 1415 2780 to
1430 2750 1570 2781 obscure
1593 2750 1648 2782 the
1672 2754 1806 2784 sense.”

543 2791 620 2830 don,
633 2793 698 2823 and
714 2793 912 2826 afterwards
927 2795 1105 2826 confirmed
1121 2798 1156 2826 at
1191 2795 1406 2835 Blackstone,
1442 2795 1612 2837 Charters,
1651 2798 1804 2840 Presace,

544 2836 669 2877 Ghent,
684 2848 721 2869 or
732 2839 882 2872 whether
896 2841 922 2871 it
937 2851 1009 2872 was
1023 2841 1100 2880 only
1113 2850 1154 2872 an
1188 2841 1258 2873 lxv.
