2038 3306
342 439 459 465 Edward
478 440 536 467 111.

355 473 388 498 A.
399 473 434 498 D.
449 474 524 500 1³³⁷.

336 527 438 558 Treaty
449 528 518 552 with

336 561 385 585 the
401 560 535 592 Emperor

335 594 366 618 os
376 594 526 626 Germany.

326 1620 386 1645 The
398 1621 476 1647 Scots

327 1657 408 1678 enter

330 1687 469 1718 England.

551 316 640 357 314
1038 326 1316 358 cunomcon

553 427 813 470 Almanniae
853 433 965 470 tunc
1005 435 1277 484 occupante,
1317 435 1364 473 et
1406 444 1509 474 cum
1552 433 1719 474 comite
1755 433 1812 474 de

552 493 690 536 Gelrs
705 493 716 515 ¹
754 507 809 536 ac
846 494 949 536 aliis
983 496 1250 548 proceribus
1279 494 1542 540 Almanniae
1577 498 1729 540 foedus
1763 499 1811 539 in

551 561 671 614 regis
701 559 886 614 Angliae
917 561 1170 602 subsidium
1201 561 1416 604 inierunt.
1487 563 1545 604 In
1578 564 1810 606 redeundo

551 638 659 667 vero
701 626 817 667 duas
858 639 999 669 naves
1041 626 1098 668 de
1141 627 1362 668 Flandria
1403 641 1565 670 versus
1607 629 1810 671 Scotiam

550 692 822 745 navigantes
844 703 944 735 coi..
961 692 1203 734 Scotorum
1225 697 1440 734 oneratas
1462 694 1667 747 capiunt,
1690 695 1811 737 inter

550 770 664 810 quos
705 757 889 800 fuerunt
933 758 1176 812 episcopus
1211 757 1529 811 GlasguensiS,
1571 759 1602 802 J
1606 759 1809 802 ohannes

549 822 774 874 Steward,
796 828 843 865 et
871 823 949 865 alii
978 823 1059 865 filii
1084 823 1302 866 nobilium
1325 824 1381 865 de
1402 824 1574 874 Scotia,
1596 825 1808 868 videlicet

550 889 702 931 David
731 890 788 931 de
819 890 867 931 la
902 890 1058 943 Haye,
1081 889 1226 943 Hugo
1254 888 1449 940 Giffard,
1482 890 1720 932 Johannes
1750 891 1807 932 de

547 955 594 995 la
614 955 763 1005 More,
787 955 1048 998 Willelmus
1073 956 1209 1007 Baly‚
1232 954 1501 997 Alexander
1522 956 1685 1006 Frisel,
1702 970 1806 998 cum

547 1020 726 1062 duobus
767 1021 959 1071 clericis,
997 1022 1221 1074 magistro
1265 1021 1469 1063 Thomas
1506 1022 1678 1076 Fygas,
1713 1036 1806 1064 ma-

546 1087 691 1138 gistro
735 1087 969 1128 Willelmo
1013 1087 1194 1137 Muffet,
1239 1091 1285 1128 et
1331 1100 1424 1128 uno
1479 1088 1702 1129 monacho
1749 1089 1806 1130 de

547 1151 895 1207 Dunfermelyn,
949 1157 996 1193 et
1048 1165 1151 1193 cum
1207 1152 1472 1193 mulieribus
1534 1153 1804 1205 quibusdam

546 1218 774 1259 nobilibus
793 1232 803 1269 ;
819 1217 835 1239 ²
890 1219 1055 1271 quibus
1110 1218 1321 1258 omnibus
1375 1217 1470 1258 fere
1522 1217 1807 1272 interemptis

545 1283 803 1336 episcopus,
829 1289 1075 1336 antequam
1108 1283 1239 1324 navis
1272 1283 1329 1323 ad
1357 1288 1539 1336 portum
1569 1283 1806 1337 applicuit,

545 1348 672 1398 obiit,
693 1349 892 1390 letaliter
909 1349 957 1389 in
979 1349 1132 1402 capite
1156 1347 1458 1390 vulneratus.³

612 1414 718 1456 Hoc
753 1419 960 1467 tempore
987 1428 1068 1455 rex
1090 1413 1275 1467 Angliae
1303 1414 1557 1455 custodiam
1581 1414 1805 1457 Marchiae

543 1479 712 1521 Scotiae
769 1481 924 1522 comiti
975 1480 1222 1522 Warewici
1277 1485 1323 1521 et
1380 1480 1484 1521 aliis
1540 1481 1804 1533 proceribus

543 1546 784 1596 commisit,
809 1546 888 1599 qui
922 1546 1114 1587 diversis
1143 1546 1318 1586 vicibus
1349 1545 1550 1587 Scotiam
1583 1546 1805 1588 intrantes

543 1612 767 1652 modicum
792 1611 1110 1665 profecerunt;
1143 1611 1267 1652 Scoti
1286 1624 1394 1652 vero
1421 1615 1434 1633 ‘
1451 1610 1561 1652 tet-’⁴
1584 1611 1803 1663 Angliam

542 1677 764 1718 intrantes
806 1677 908 1718 loca
949 1677 1172 1718 nonnulla
1213 1677 1320 1729 igne
1353 1677 1599 1730 praedaque
1639 1677 1803 1719 devas-

541 1747 716 1792 tarunt,
739 1747 785 1783 et
808 1747 1009 1783 castrum
1041 1743 1097 1784 de
1118 1742 1397 1794 Edenburgh
1418 1746 1431 1764 ‘
1445 1742 1749 1785 obsederunt.’
1764 1742 1781 1765 ⁵

611 1808 763 1850 Nocte
786 1808 1100 1858 Pentecostes‚
1130 1809 1178 1850 in
1209 1808 1428 1861 parochia
1447 1808 1504 1850 de
1529 1808 1799 1863 Kingesley,

540 1874 792 1916 Wintoniae
812 1874 1012 1923 dioecesi,
1033 1878 1079 1915 et
1101 1874 1328 1915 decanatu
1349 1874 1405 1914 de
1429 1872 1622 1923 Aulton,
1641 1875 1803 1916 mulier

541 1940 752 1993 quaedam
788 1939 1006 1981 Johanna
1047 1940 1243 1988 nomine,
1279 1940 1325 1980 in
1360 1939 1532 1980 somnis
1577 1941 1799 1982 amasium

539 2019 673 2046 suum
695 2005 977 2047 Willelmum
999 2009 1011 2027 ‘
1032 2000 1251 2046 nomine'6
1273 2008 1285 2026 ‘
1301 2018 1329 2046 a
1350 1999 1585 2058 quodam'7
1610 2006 1800 2048 visitare

539 2072 728 2121 monita,
763 2072 811 2112 in
842 2072 1043 2113 crastino
1074 2084 1102 2113 a
1136 2071 1301 2124 spiritu
1332 2071 1514 2120 incubo,
1546 2071 1700 2113 dilecti
1731 2074 1801 2113 sui

537 2138 688 2190 specie
710 2138 796 2178 sibi
819 2142 1088 2191 apparente,
1111 2138 1157 2178 in
1189 2137 1359 2178 foresta
1392 2136 1449 2178 de
1469 2137 1702 2179 Wolmere
1729 2144 1801 2180 est

537 2204 756 2256 cognita:
809 2216 900 2256 qua
953 2203 1011 2244 ad
1053 2203 1238 2244 domum
1288 2215 1474 2244 reversa
1526 2204 1800 2256 gravissima

534 2269 798 2311 infirmitate
826 2269 1070 2319 detinetur,
1104 2282 1133 2310 a
1160 2268 1326 2310 dilecto
1347 2269 1577 2318 visitatur,
1602 2274 1649 2310 et
1675 2270 1797 2323 quod

578 2399 588 2419 ¹
613 2401 684 2433 The
700 2401 811 2432 Count
824 2401 862 2432 of
872 2400 1053 2433 Gueldres.
1227 2398 1241 2418 ⁴
1264 2399 1431 2439 ‘terram,’
1458 2400 1559 2432 MSS.
1586 2400 1675 2433 Cott.
1707 2402 1800 2433 Nero

578 2446 592 2465 ²
614 2447 685 2479 The
701 2447 794 2487 ships
810 2457 898 2478 were
915 2447 1059 2487 brought
1075 2447 1144 2477 into
1183 2445 1228 2477 D.
1245 2446 1294 2486 ii.,
1310 2446 1376 2476 and
1393 2445 1481 2477 Coll.
1496 2446 1589 2478 Trin.
1607 2447 1646 2478 R.
1663 2451 1695 2487 5,
1713 2450 1765 2479 10.

532 2497 606 2531 port
621 2494 665 2533 by
683 2494 771 2524 Lord
782 2493 872 2524 John
885 2493 967 2532 Ros»
978 2493 1044 2524 and
1056 2502 1143 2523 were
1224 2505 1237 2524 ⁵
1258 2510 1267 2526 ‘
1281 2508 1495 2547 obsederunt,
1508 2508 1566 2539 sed
1582 2518 1659 2548 rege
1675 2509 1798 2540 Scotiae

531 2539 695 2579 freighted
709 2539 792 2570 with
816 2549 916 2591 arms,
931 2539 1058 2577 horseS,
1078 2539 1142 2569 and
1181 2553 1379 2584 adveniente
1403 2554 1607 2585 obsidionem
1632 2555 1800 2586 dimittere

530 2595 655 2662 ῐΙιςιοιιεῃῖ1
690 2588 885 2662 αωοέἰέἰᾶῐῦἕ
927 2589 962 2616 ῐο
1000 2585 1144 2625 15,000l.
1181 2603 1260 2630 sunt
1275 2599 1406 2631 coacti)
1443 2600 1519 2631 MS.
1537 2600 1635 2632 Harl.
1651 2603 1727 2633 655.

566 2634 794 2717 Ῑὲγῗςὲξὲἰὲοῃ
826 2654 944 2719 ’(2570)
979 2685 1058 2716 says
1087 2676 1143 2707 the
1228 2658 1241 2677 ⁶
1264 2660 1496 2716 ‘forestarium
1513 2661 1705 2703 quendam,'
1722 2663 1799 2696 MS.

530 2723 657 2763 Bishop
673 2724 711 2755 of
722 2724 884 2763 Glasgow
906 2722 986 2754 died
1001 2723 1039 2754 of
1059 2723 1148 2762 grief
1183 2706 1282 2737 Harl·
1300 2709 1376 2738 ⁶⁰⁵·

530 2778 609 2799 soon
634 2770 718 2801 aster
744 2770 796 2801 his
822 2769 945 2800 arrival
972 2771 1006 2800 at
1037 2769 1142 2800 Sand-
1226 2768 1239 2789 ⁷
1263 2769 1412 2800 Omitted
1434 2770 1465 2800 in
1483 2770 1581 2802 MSS.
1599 2770 1687 2802 Cott.
1706 2771 1798 2803 Nero

528 2814 628 2846 wich.
1182 2815 1227 2846 D.
1245 2815 1295 2855 ii„
1310 2815 1376 2847 and
1392 2815 1479 2848 Con.
1494 2816 1586 2849 Trin.
1606 2817 1646 2848 R.
1663 2820 1695 2857 5,
1713 2820 1765 2850 10.
