1992 3202
463 269 690 301 WAn'rssm
725 270 787 300 nn
818 270 1194 302 REMINGBURGH.
1404 261 1462 302 97

192 366 270 419 qui
290 373 532 421 separatus
555 369 613 410 ab
643 381 762 423 equo
793 370 851 411 ab
878 370 1208 412 inundantibus
1241 369 1457 412 fluctibus
1494 386 1650 412 navam.

190 432 471 487 interceptus
501 439 584 476 est.
656 435 913 489 Episcopus
942 442 1095 478 autem
1129 436 1456 477 Dunolmensis
1491 419 1660 444 A'⁰'¹²⁹⁶'

189 510 293 539 cum
324 504 475 541 turma
504 513 589 542 sua
620 501 836 542 Twedam
869 503 1050 544 transiit
1073 502 1215 556 juxta
1247 501 1453 544 Nol-ham

188 577 277 605 non
304 565 440 619 longe
461 580 488 608 a
512 572 664 608 castro
692 580 790 609 suo.
853 567 1061 622 Cumque
1082 573 1181 609 toto
1212 568 1284 609 die
1305 569 1385 610 illo
1408 574 1454 610 et
1470 583 1600 614 anaia„

1471 617 1512 641 sie
1534 624 1549 641 e
1562 620 1591 641 tn

187 638 405 684 sequente
433 633 530 686 ipse
566 646 648 674 rex
682 639 838 675 noster
867 635 1118 687 burgenses
1143 634 1199 675 de
1226 634 1451 688 Berewyk
1471 624 1607 687 nefwick,

186 702 480 750 expectasset
519 699 577 740 ad
619 712 794 752 pacem,
831 713 915 741 nec
950 701 1194 742 voluerunt
1237 701 1453 754 amplecti
1469 682 1622 741 ffiffffi’ao.

186 775 347 815 pacem
388 778 525 818 quam
560 766 770 814 tetendit,
810 765 911 818 ipso
951 766 1024 807 die
1067 765 1262 807 Veneris
1300 772 1453 808 castra

187 841 376 871 movens
413 831 516 872 fixit
538 831 739 872 tentoria
766 843 853 872 sua
875 831 923 871 in
943 831 1078 872 domo
1100 832 1363 872 monialium
1393 845 1452 873 ex

186 896 400 948 opposito
420 897 476 937 de
502 895 730 950 Berewyk
755 909 836 950 per
857 896 1090 938 dimidiam
1111 896 1306 938 leucam.
1378 898 1453 939 In-

185 960 534 1015 calescenteque
586 961 698 1012 sole,
746 967 792 1004 et
837 962 1045 1004 exercitu
1093 967 1356 1016 praeparato
1404 964 1453 1005 in

185 1026 393 1079 planitie,
426 1028 535 1069 fecit
570 1028 737 1069 ibidem
775 1041 858 1069 rex
894 1041 1039 1070 novos
1070 1028 1239 1070 milites
1278 1029 1452 1071 Henri-

185 1104 290 1133 cum
328 1094 503 1135 scilicet
545 1094 601 1135 de
638 1093 787 1148 Percy
817 1107 918 1135 cum
956 1094 1059 1136 aliis
1102 1094 1273 1136 multis.
1315 1095 1448 1146 Quod
1467 1108 1580 1134 Several

184 1170 288 1199 cum
310 1160 531 1202 vidissent
562 1161 795 1202 marinarii
819 1161 981 1210 nostri,
1003 1161 1188 1214 quicum
1212 1165 1225 1183 ‘
1245 1162 1448 1203 xxl111.'¹
1467 1142 1606 1207 ξιῖξζιῗιῖ-

185 1226 380 1266 navibus
430 1226 606 1267 bellicis
656 1227 968 1280 expectabant
1020 1227 1066 1267 in
1121 1226 1238 1268 mari
1295 1240 1449 1269 coram
1465 1209 1638 1273 ῗῖιὲοζῗιῖἒιζι.

183 1295 338 1343 portu,
361 1293 607 1334 credebant
638 1305 789 1345 regem
813 1292 931 1333 velle
961 1292 1198 1334 confestim
1230 1293 1451 1334 insultum

182 1356 333 1398 facere
366 1359 485 1408 urbi,
523 1371 577 1400 eo
602 1358 724 1412 quod
756 1358 972 1399 videbant
1009 1363 1238 1400 armatum
1272 1360 1450 1401 exerci-

182 1427 280 1464 tum
324 1428 371 1464 et
407 1424 552 1465 multa
592 1424 764 1466 vexilla
808 1424 1057 1477 explicata,
1100 1437 1302 1478 moxque
1345 1438 1449 1467 cum

183 1487 398 1530 fluctibus
448 1490 587 1531 maris
640 1489 1000 1531 redundantibus
1043 1494 1090 1531 et
1128 1490 1217 1543 ipsi
1265 1495 1448 1544 portum

180 1554 378 1607 ingressi
412 1560 534 1597 sunt.
605 1554 812 1606 Quarum
841 1569 931 1597 una
958 1569 1054 1609 prae
1087 1556 1265 1597 caeteris
1295 1557 1447 1598 velum

180 1619 367 1662 elevans
402 1622 449 1662 in
488 1622 584 1663 alto
621 1626 756 1663 terrae
789 1621 928 1662 affixa
961 1626 1046 1671 est,
1081 1635 1216 1675 quam
1256 1622 1449 1663 circum-

179 1686 342 1728 dantes
367 1687 507 1737 Scoti‚
531 1701 635 1729 cum
666 1701 715 1729 se
748 1688 982 1729 marinarii
1012 1687 1267 1729 diutissime
1292 1688 1446 1729 defen-

179 1752 354 1795 dissent
394 1755 654 1807 multosque
693 1754 993 1807 peremissent
1041 1753 1145 1795 telis
1188 1758 1234 1795 et
1276 1754 1446 1807 gladio,

179 1819 363 1860 tandem
399 1820 553 1861 allatis
591 1820 728 1861 scalis
768 1825 814 1861 et
851 1820 958 1873 igne
994 1820 1205 1873 apposito
1240 1832 1339 1860 eam
1376 1821 1445 1861 in-

178 1886 324 1937 gressi
348 1890 469 1936 sunt,
505 1897 688 1927 xxvm.
718 1898 939 1939 personas
962 1890 1124 1927 mutua
1146 1890 1301 1927 tamen
1322 1886 1446 1927 caede

177 1952 466 2004 perimentes.
536 1951 745 1993 Alteram
781 1952 920 1993 etiam
959 1965 1122 1993 navem
1155 1952 1248 1992 cito
1281 1957 1446 2004 postea

178 2017 276 2059 solo
307 2018 601 2059 inhaerentem
637 2030 782 2059 vorax
818 2017 1004 2058 flamma
1039 2017 1340 2070 consumpsit,
1372 2017 1444 2058 fu-

177 2084 405 2135 gientibus
437 2089 591 2125 tamen
613 2084 766 2124 nautis
791 2096 893 2124 cum
924 2082 1097 2136 scapha
1126 2095 1225 2123 sua.
1285 2082 1445 2124 Tertia

178 2162 286 2190 vero
326 2150 473 2199 navis,
512 2150 559 2190 in
598 2162 691 2202 qua
724 2148 906 2189 fuerant
939 2152 950 2170 ‘
970 2147 1101 2189 viri’2
1136 2147 1192 2189 de
1226 2147 1360 2189 domo
1397 2153 1444 2190 et

177 2211 351 2256 familia
380 2215 544 2268 prioris
573 2215 918 2263 Dunolmensis‚
937 2227 1039 2255 cum
1070 2215 1127 2255 ab
1155 2214 1267 2254 hora
1294 2215 1444 2266 prima

176 2294 322 2334 usque
353 2281 510 2322 horam
541 2281 826 2321 undecimam
855 2284 1064 2334 potenter
1092 2284 1311 2329 tueretur,
1342 2284 1442 2321 tan-

175 2347 277 2387 dem
316 2347 478 2388 innixa
519 2346 618 2388 solo
658 2350 704 2387 et
744 2347 850 2399 igne
897 2346 1040 2387 allato
1080 2346 1318 2387 combusta
1355 2352 1441 2396 est,

174 2412 456 2466 fugientibus
486 2425 588 2453 cum
621 2412 793 2465 scapha
823 2411 1044 2465 plurimis,
1077 2417 1123 2452 et
1153 2411 1330 2452 caeteris
1362 2412 1441 2465 qui

173 2492 319 2533 usque
363 2480 409 2519 in
457 2479 594 2519 finem
634 2482 980 2532 permanserant
1020 2478 1068 2518 in
1110 2479 1254 2530 aquas
1301 2477 1439 2519 maris

173 2545 460 2595 salientibus,
513 2544 667 2598 potius
721 2557 769 2584 se
823 2543 1059 2585 credentes
1112 2555 1245 2596 aquae
1300 2555 1438 2596 quam

217 2673 228 2693 ¹
253 2674 404 2714 Hearne,
424 2674 459 2704 in
481 2673 534 2705 his
551 2670 786 2712 Hemingford,
818 2671 951 2702 Tanner
975 2670 1132 2710 formerly
1160 2670 1340 2710 possessed
1362 2670 1440 2702 here

169 2721 193 2752 i.
220 2723 274 2761 90,
298 2724 386 2761 note,
416 2723 519 2751 states
545 2718 618 2750 that
649 2728 670 2750 a
699 2727 785 2757 copy
819 2717 899 2748 read
916 2716 1049 2748 ‘xxm’

170 2767 208 2799 of
237 2777 299 2799 our
331 2766 463 2798 Author
498 2765 610 2797 which
656 2764 784 2803 Bishop
866 2762 879 2780 ²
902 2763 912 2780 ‘
927 2763 1046 2794 armati
1064 2762 1152 2803 viri,’
1169 2762 1243 2794 MS.
1259 2761 1348 2795 Cott.
1365 2762 1441 2795 Tib.

229 2842 333 2872 VOL.
356 2842 404 2871 11.
1208 2840 1242 2870 H
