2038 3306
506 307 593 349 250
992 309 1267 348 cnaomcon

306 417 486 491 fdssffdaoss'.
508 434 663 475 regem
697 420 813 462 duos
845 418 964 461 filios
996 432 1106 461 suos
1133 434 1216 474 pro
1239 421 1475 463 voluntate
1504 421 1625 475 regis
1645 422 1763 463 *reti-

335 482 342 489 ’
383 482 390 490 “
472 484 480 493 ’
509 488 679 529 nendos
721 487 769 528 in
818 486 1165 527 excusationem
1213 487 1284 528 sui
1334 487 1456 540 quod
1501 500 1680 541 semper
1721 488 1763 529 ei

509 554 656 594 fidelis
689 549 950 605 extiterat)
973 556 1019 592 et
1047 557 1237 605 propter
1267 565 1407 593 unum
1431 554 1618 594 verbum
1641 554 1763 607 quod

508 619 673 660 marito
710 630 796 659 suo
825 618 1008 659 dixerat
1036 630 1140 659 cum
1174 618 1221 658 in
1258 619 1551 660 coronatione
1584 632 1670 661 sua
1697 620 1765 661 lo-

507 690 725 738 queretur
750 684 792 725 ei
817 689 864 725 et
901 683 1088 733 diceret,
1116 687 1145 705 “
1163 682 1344 725 Laetare
1376 684 1511 725 modo
1534 685 1763 735 consocia,

508 751 617 804 quia
642 750 802 803 regina
822 748 984 791 effecta
1004 762 1068 799 eS,
1086 754 1131 791 et
1153 762 1239 802 ego
1260 749 1391 799 rex‚’'
1412 749 1557 791 fertur
1579 762 1677 791 eam
1699 751 1764 791 sic

507 816 796 870 respondisse
835 816 902 857 ei:
950 819 978 837 “
998 815 1176 864 Timeo,
1210 815 1407 865 domine,
1442 815 1564 869 quod
1605 828 1764 857 sumus

508 883 655 925 effecti
685 895 769 924 rex
804 886 850 923 et
887 881 1063 934 regina,
1104 881 1224 923 sicut
1257 880 1512 923 efficiuntur
1547 882 1676 935 pueri
1717 882 1766 923 in

508 949 629 990 ludis
682 947 964 990 aestivalibus
979 962 989 988 2
1004 947 1029 963 ’'
1085 952 1273 1001 propter
1322 947 1435 989 istas
1487 960 1598 1001 ergo
1649 947 1764 989 duas

508 1027 689 1064 causas,
710 1014 835 1055 misit
855 1026 954 1055 eam
975 1026 1055 1054 rex
1076 1026 1180 1054 cum
1199 1013 1395 1055 honesta
1414 1013 1587 1054 familia
1607 1026 1765 1067 peren-

509 1080 752 1124 dinandam
773 1080 820 1120 in
834 1079 1036 1120 manerio
1052 1092 1136 1120 suo
1153 1079 1208 1120 de
1226 1079 1548 1133 Bruscewych,
1564 1084 1610 1120 et
1624 1079 1766 1133 jussit

295 1174 381 1206 Many
396 1175 470 1199 scot·
509 1159 609 1187 eam
654 1144 900 1187 honorifice
944 1145 1208 1186 sustentari.
1293 1144 1517 1186 Comitem
1559 1157 1666 1186 vero
1709 1145 1766 1186 de

294 1208 459 1266 ξξξοζξξὲῗ*
509 1206 736 1261 Asechel‚¹
759 1210 837 1264 qui
852 1211 910 1251 ab
928 1210 1018 1251 isto
1034 1215 1185 1251 castro
1200 1210 1381 1263 fugerat
1394 1217 1440 1251 et
1460 1214 1566 1264 post
1580 1210 1764 1263 aliquod

509 1276 802 1318 intervallum
824 1281 988 1329 captus
1016 1275 1184 1325 fuerat,
1207 1289 1310 1318 cum
1330 1276 1490 1328 regina
1510 1274 1695 1329 Angliae
1719 1281 1767 1317 et

510 1343 643 1384 multi
663 1346 902 1395 magnates
922 1346 1135 1394 rogarent
1148 1354 1230 1395 pro
1251 1354 1304 1383 eo
1325 1342 1382 1383 ad
1403 1354 1557 1394 regem
1578 1354 1634 1382 ne
1658 1355 1764 1383 san-

510 1410 613 1462 guis
637 1412 650 1430 ‘
668 1403 818 1462 ejus'2
851 1407 1171 1457 effunderetur,
1199 1421 1282 1461 pro
1317 1420 1372 1449 eo
1407 1408 1529 1461 quod
1551 1407 1638 1449 fuit
1657 1421 1763 1461 pro-

510 1475 664 1516 ximus
678 1486 846 1528 parens
862 1474 1044 1515 domino
1062 1474 1157 1526 regi
1177 1473 1374 1526 Angliae,
1385 1474 1526 1528 jussit
1541 1486 1623 1519 rex
1641 1473 1763 1515 Lon-

510 1540 657 1582 doniis
692 1540 857 1581 adduci
894 1545 940 1581 et
969 1540 1147 1580 caeteris
1183 1543 1196 1561 ‘
1210 1539 1461 1580 excelsior’
1475 1538 1491 1560 ³
1530 1539 1761 1593 suspendi.

511 1607 572 1648 Et
596 1606 705 1660 quia
724 1605 937 1646 seductor
959 1605 1171 1646 inventus
1193 1606 1271 1658 qui
1295 1605 1660 1658 consanguineus
1682 1618 1764 1646 ex-

507 1673 681 1721 titerat,
706 1671 928 1724 praecepit
948 1684 1031 1711 rex
1051 1675 1155 1724 post
1175 1671 1524 1724 suspensionem
1545 1670 1763 1712 decollari

508 1751 610 1779 eum
632 1742 678 1778 et
699 1737 918 1786 comburi,
939 1737 1061 1789 quod
1079 1737 1250 1777 factum
1275 1741 1360 1778 est.
1431 1736 1763 1778 Christoforum

509 1809 659 1845 autem
683 1803 739 1844 de
760 1802 949 1852 Sethon‚
969 1803 1048 1855 qui
1071 1815 1272 1844 sororem
1298 1802 1405 1843 novi
1426 1804 1546 1855 regis
1567 1802 1765 1844 duxerat

508 1870 689 1910 nomine
712 1868 925 1917 Mariam,
946 1872 992 1909 et
1013 1873 1134 1909 esset
1152 1867 1390 1921 Anglicus‚
1415 1881 1517 1909 cum
1540 1868 1587 1909 in
1611 1874 1764 1910 castro

509 1935 565 1976 de
586 1935 797 1976 Lochdor
817 1938 980 1987 captus
1001 1939 1137 1983 esset,
1159 1938 1205 1975 et
1234 1938 1339 1987 post
1368 1946 1577 1987 uxorque
1604 1947 1690 1975 sua
1719 1939 1765 1976 et

507 2000 640 2042 multi
672 2000 765 2050 alii,
795 2000 938 2054 jussit
968 2012 1052 2040 rex
1085 1999 1250 2040 adduci
1282 1999 1404 2053 apud
1436 1999 1665 2041 Dunfrees
1685 2001 1764 2041 ubi

505 2066 697 2108 militem
718 2065 963 2115 occiderat,
983 2065 1134 2118 ibique
1159 2065 1295 2115 trahi,
1315 2065 1532 2119 suspendi
1552 2070 1597 2107 et
1617 2066 1764 2107 decol-

505 2132 605 2173 lari.
675 2131 832 2173 Simile
855 2131 1080 2185 judicium
1107 2131 1364 2172 habuerunt
1384 2131 1474 2172 duo
1494 2131 1657 2173 fratres
1677 2131 1765 2182 sui,

507 2203 553 2239 et
582 2210 737 2239 omnes
768 2197 845 2238 alii
866 2197 944 2250 qui
975 2197 1111 2238 morti
1136 2197 1306 2238 domini
1331 2196 1362 2238 J
1367 2197 1559 2239 ohannis
1586 2197 1764 2252 Comyn

507 2268 838 2305 consenserunt
868 2268 914 2304 et
944 2262 1277 2313 interfuerunt;
1311 2269 1357 2304 et
1388 2263 1474 2304 hoc
1495 2276 1554 2304 ex
1576 2263 1765 2316 speciali

507 2335 737 2383 praecepto
759 2329 893 2382 regis.
964 2328 1168 2370 Uxorem
1189 2342 1298 2370 vero
1321 2328 1592 2370 Christosori
1612 2330 1765 2382 posuit

508 2409 591 2437 rex
621 2396 667 2436 in
711 2394 987 2437 monasterio
1020 2395 1075 2436 de
1107 2394 1316 2449 Thyxsel
1355 2396 1401 2436 in
1434 2394 1679 2448 Lindesay,
1718 2400 1764 2436 et

507 2461 646 2502 filiam
668 2462 777 2503 novi
798 2461 919 2514 regis
939 2461 1095 2514 posuit
1113 2461 1160 2501 in
1180 2461 1457 2502 monasterio
1477 2460 1533 2501 de
1553 2460 1762 2502 Watton.

296 2547 382 2586 rengis
394 2547 473 2572 1ands
507 2527 739 2581 Deditque
782 2527 991 2569 dominus
1041 2539 1125 2567 rex
1168 2526 1351 2567 domino
1393 2525 1665 2567 Eadmundo
1705 2525 1761 2566 de

296 2581 425 2652 332¹&
507 2593 767 2636 Malo-lacu
818 2592 1069 2635 manerium
1126 2592 1182 2633 de
1243 2592 1384 2633 Seton
1436 2592 1483 2632 in
1536 2591 1762 2646 Wyteby-

295 2646 467 2672 ‘mmm'
505 2660 679 2710 strand,
702 2659 824 2712 quod
845 2664 944 2700 erat
967 2657 1254 2707 Christofori,
1284 2662 1331 2702 et
1351 2657 1465 2699 alias
1486 2669 1592 2700 suas
1616 2661 1765 2700 terras

552 2769 561 2787 ¹
587 2771 737 2802 William
774 2770 908 2809 Moray‚
956 2769 1038 2800 Earl
1085 2768 1123 2799 of
1194 2763 1207 2782 ²
1230 2765 1381 2798 Om’itted
1395 2767 1430 2798 in
1446 2767 1522 2799 MS.
1539 2767 1664 2799 Lansd.

504 2816 618 2847 Athol.
1194 2807 1207 2827 ³
1230 2814 1239 2831 ‘
1253 2813 1494 2853 excellentior,'
1510 2813 1586 2845 MS.
1604 2813 1729 2846 Lansd.
