2038 3306
483 327 709 360 wAurnm
745 328 804 358 DE
836 328 1212 360 numinenuncn.
1387 318 1475 361 253

211 431 364 474 biliter
401 431 913 475 excommunicaverunt
946 432 1181 475 dominum
1220 433 1474 475 Robertum
1509 447 1631 473 navam
1650 447 1676 474 1.

214 497 270 539 de
294 499 414 540 Brus
443 512 546 540 cum
578 499 835 541 fautoribus
862 500 973 549 suis,
998 504 1218 553 tanquam
1248 499 1476 541 hominem

1509 482 1544 508 A.
1555 482 1589 507 D.
1602 482 1677 508 1307.

1495 540 1600 566 Robert

215 564 446 619 perjurum
488 570 536 606 et
570 566 936 619 perturbatorem
971 565 1192 620 injustum
1222 566 1476 607 communis
1495 574 1587 599 Bruce

1495 605 1694 632 excommuni-

214 631 341 682 pacis
375 637 422 672 et
459 627 657 685 quietis.¹
719 632 940 686 Sequenti
976 645 1084 673 vero
1113 631 1187 672 die
1223 631 1346 673 facto
1382 645 1478 674 ser-
1494 641 1584 666 cated-

216 709 351 738 mone
367 710 394 739 a
414 697 600 739 domino
616 698 959 752 archiepiscopo
977 698 1195 748 Eborum,
1209 710 1477 752 responsum
1495 715 1695 748 Negociations

217 769 287 804 est
330 763 552 806 cardinali
591 764 637 806 in
677 764 872 806 ecclesia
913 764 1234 805 canonicorum
1271 763 1477 815 Carlioli,

216 834 442 881 praesente
457 829 640 871 domino
662 843 769 883 rege
791 835 838 871 et
859 843 1129 883 responsum
1144 829 1478 881 authorizante,

216 895 336 947 quod
359 901 550 948 paratus
575 901 674 937 erat
697 896 906 937 dominus
931 908 1012 936 rex
1034 909 1093 937 ex
1116 900 1248 949 parte
1270 908 1355 937 sua
1375 909 1478 950 per-

217 960 350 1002 ficere
363 974 543 1003 omnem
555 961 681 1003 illam
694 962 1042 1011 ordinationem,
1058 974 1196 1014 quam
1213 961 1384 1003 fecerat
1401 962 1479 1004 ille

216 1026 363 1067 bonus
378 1033 538 1080 pastor
549 1033 682 1080 pater
694 1032 740 1069 et
752 1040 875 1081 papa
892 1027 1157 1069 Bonifacius
1172 1041 1183 1079 ;
1202 1027 1311 1068 dum
1325 1032 1479 1069 tamen

217 1091 427 1134 dominus
460 1106 541 1135 rex
578 1093 786 1135 Franciae
819 1107 878 1135 ex
906 1098 1038 1147 parte
1077 1106 1164 1135 sua
1187 1093 1314 1134 illam
1341 1094 1479 1135 vellet

215 1158 425 1200 similiter
444 1159 685 1213 complere.
755 1160 817 1201 Et
841 1160 905 1202 ait
926 1159 1187 1209 cardinalis,
1209 1159 1331 1213 quod
1364 1161 1480 1202 bene

219 1224 360 1266 vellet
396 1230 442 1267 et
473 1225 621 1279 plene.
693 1226 754 1267 Et
783 1226 902 1268 dixit
939 1239 1038 1276 rex,
1074 1226 1339 1267 “Nondum
1370 1226 1480 1267 mihi

217 1290 351 1343 plene
388 1292 588 1333 restituit
620 1297 788 1333 terram
813 1292 1094 1342 Wasconiae,
1126 1297 1264 1346 prout
1296 1292 1481 1334 ordina-

216 1362 348 1398 verat
371 1370 494 1411 papa
514 1357 761 1411 praedictus
779 1375 791 1406 ;
816 1357 979 1400 defecit
1001 1359 1118 1400 enim
1144 1358 1252 1398 mihi
1274 1363 1477 1399 castrum

217 1422 273 1463 de
318 1423 569 1479 Mawlyon‚
612 1424 658 1465 id
700 1429 770 1466 est
809 1424 865 1466 de
906 1424 1206 1474 Malo-leone,
1244 1424 1367 1477 quod
1409 1429 1479 1466 est

219 1493 422 1530 castrum
474 1490 773 1531 fortissimum
818 1495 864 1532 et
912 1491 1045 1543 quasi
1088 1491 1477 1544 inexpugnabile:

219 1554 381 1596 reddat
404 1555 533 1605 illud,
555 1560 601 1596 et
625 1556 777 1597 omnia
801 1555 1079 1609 perficiam.''
1149 1556 1210 1597 Et
1233 1556 1478 1598 cardinalis

219 1620 277 1661 ad
301 1620 424 1663 haec:
458 1625 487 1643 “
504 1622 699 1663 Domine
723 1622 800 1669 ini,
818 1621 914 1676 jam
937 1622 985 1662 in
1006 1621 1176 1663 seisina
1195 1621 1319 1662 illius
1341 1622 1481 1663 castri

219 1691 290 1728 est
311 1686 522 1729 dominus
551 1700 634 1728 rex
662 1687 900 1730 Franciae:
943 1687 1166 1729 satisfecit
1197 1687 1317 1728 enim
1347 1688 1481 1729 militi

219 1753 299 1805 qui
338 1753 451 1794 illud
490 1758 716 1803 tenuerat,
744 1766 827 1808 pro
862 1766 1032 1807 magna
1062 1766 1242 1795 summa
1274 1754 1481 1807 pecuniae

211 1817 313 1872 jam
333 1819 502 1870 soluta,
521 1826 567 1862 et
594 1824 784 1874 paratus
818 1825 889 1862 est
911 1819 1025 1861 illud
1054 1820 1185 1861 vobis
1215 1819 1404 1861 reddere
1432 1820 1480 1861 in

219 1885 393 1926 brevi.'’
463 1886 524 1927 Et
554 1886 619 1927 ait
652 1900 751 1937 rex,
773 1890 803 1908 “
820 1885 1049 1928 Volumus
1070 1885 1321 1927 deliberare
1344 1898 1482 1940 super

219 1950 306 1993 hoc
337 1952 693 2005 permodicum.'’
765 1952 1101 2006 Ordinavitque
1131 1952 1342 1993 dominus
1381 1965 1480 2001 rex,

219 2017 342 2071 quod
376 2018 519 2072 juxta
557 2031 660 2059 eum
701 2023 906 2060 maneret
947 2018 1209 2067 cardinalis,
1245 2030 1481 2071 quousque

221 2084 373 2125 missis
391 2085 568 2126 nunciis
588 2098 671 2138 per
686 2084 833 2138 ipsum
855 2083 1128 2125 cardinalem
1151 2083 1483 2125 certificaretur

219 2149 430 2191 dominus
478 2164 557 2191 rex
611 2150 667 2191 de
707 2151 809 2204 ipso
863 2154 1032 2191 castro.
1103 2149 1369 2202 Mansitque
1419 2149 1482 2190 ibi

220 2215 399 2256 duobus
462 2216 709 2265 mensibus,
777 2220 824 2257 et
887 2216 1138 2257 honoratus
1202 2219 1273 2256 est
1322 2215 1480 2257 valde:

221 2294 416 2335 cumque
474 2283 728 2335 accepisset
776 2294 1045 2335 responsum
1098 2281 1221 2335 quod
1271 2281 1482 2322 dominus

220 2347 343 2389 illius
379 2349 520 2390 castri
557 2348 704 2390 noluit
746 2347 858 2390 illud
894 2347 1082 2389 reddere
1117 2347 1213 2400 regi
1257 2346 1481 2397 Franciae,

220 2414 555 2456 verecundatus
579 2420 649 2457 cst
679 2415 726 2456 in
747 2427 955 2455 sermone
978 2413 1204 2468 promissi,
1226 2417 1273 2454 et
1294 2418 1484 2467 accepta

268 2604 277 2624 ¹
301 2606 371 2638 The
388 2609 543 2638 sentence
558 2605 597 2637 of
607 2605 834 2636 excommuni·
871 2603 997 2644 Bishop
1013 2603 1051 2634 of
1062 2602 1220 2642 Carlinle‚
1235 2612 1278 2634 on
1293 2609 1435 2634 account
1449 2601 1488 2633 of

219 2653 330 2684 cation
345 2651 559 2692 pronounced
574 2652 707 2692 against
722 2651 834 2682 Bruce
868 2650 924 2681 the
948 2650 1108 2681 violation
1132 2649 1170 2682 of
1189 2649 1244 2681 the
1266 2649 1430 2688 privilege
1449 2649 1488 2679 of

222 2709 293 2731 was
324 2700 358 2730 in
388 2699 570 2730 obedience
595 2701 629 2729 to
660 2707 680 2729 a
703 2698 776 2729 bull
802 2697 840 2728 of
851 2718 852 2721 =
870 2699 1049 2736 sanctuary
1074 2696 1117 2735 by
1137 2695 1192 2727 the
1215 2695 1350 2726 murder
1361 2695 1398 2726 os
1419 2694 1484 2726 Co-

222 2745 318 2785 Pope
334 2745 499 2785 Clement,
518 2745 656 2785 bearing
678 2745 756 2776 date
779 2743 835 2775 the
850 2730 853 2768 ⁸
871 2753 948 2783 myn
975 2743 1009 2773 in
1037 2742 1093 2774 the
1121 2741 1246 2774 church
1269 2741 1308 2773 of
1332 2741 1388 2773 the
1418 2741 1484 2772 Mi-

223 2791 300 2824 18th
313 2791 633 2831 ofMay,1306,and
643 2790 794 2822 directed
803 2793 837 2821 to
871 2790 1007 2821 norites.
1048 2789 1184 2829 Rymer,
1200 2788 1355 2828 Foedera,
1371 2788 1393 2820 i.
1409 2790 1486 2820 987.

220 2838 277 2871 the
294 2838 508 2878 Archbishop
525 2838 563 2869 os
583 2837 674 2869 York
691 2837 758 2869 aud
781 2837 836 2868 the

1494 751 1536 776 tor
1548 756 1644 783 peace.
