2038 3306
330 417 450 443 Edward
470 417 527 443 111.

346 450 381 476 A.
392 450 426 476 D.
442 451 515 477 1³41.

330 506 391 532 The
403 507 493 532 Arch-

329 539 430 572 bishop
442 541 474 566 or

329 571 527 605 Canterbury'n

328 607 411 632 letter
421 609 452 635 to
462 607 511 633 the

331 640 417 672 King.

544 290 632 332 366
1040 301 1315 334 onnomcon

547 405 620 448 Ob
644 403 929 459 quorundam
958 404 1148 458 insuper
1165 406 1295 447 vobis
1321 406 1679 448 ministrantium
1700 410 1713 427 ‘
1730 406 1801 446 in-

546 472 729 514 ertiam'
743 469 755 491 ¹
777 471 984 524 iniquum
1008 471 1146 512 etiam
1162 473 1303 512 vestri
1322 473 1529 514 absentia
1544 472 1641 514 sive
1654 472 1801 513 famu-

545 538 706 587 latum,
730 537 886 579 villam
908 536 1246 578 Tornacensem
1268 537 1383 579 alios
1409 551 1583 579 necnon
1605 538 1800 580 honores

545 603 921 658 quamplurimos,
935 603 1143 644 amisisse
1158 616 1241 644 nos
1257 609 1467 645 asserunt
1482 610 1530 646 et
1546 604 1800 657 imponunt,

543 670 712 720 velitis,
751 669 947 718 domine,
982 669 1022 710 si
1055 669 1253 722 placeat,
1283 669 1516 723 praelatos,
1546 674 1802 722 magnates,

545 741 771 789 terraeque
800 735 990 785 nobiles,
1027 735 1105 776 ubi
1135 747 1238 776 cum
1272 735 1477 788 praelatis
1506 747 1666 777 secure
1696 747 1800 776 con-

544 802 699 843 venire
718 801 969 856 poterimus
1001 800 1104 842 loco
1131 802 1408 854 competenti
1437 813 1732 855 congregare,
1755 806 1803 843 et

544 867 593 908 in
634 880 826 922 quorum
870 867 1082 908 manibus
1132 868 1189 908 ab
1232 868 1364 909 initio
1397 880 1575 920 guerrae
1618 871 1800 916 vestrae,

545 933 680 984 lanae,
711 933 899 984 denarii,
921 938 968 975 et
999 933 1092 974 alia
1122 946 1333 987 quaeque,
1361 946 1507 986 usque
1539 933 1587 974 in
1621 932 1800 974 hodier-

545 1013 654 1041 num
689 1000 809 1041 diem
831 1000 961 1041 vobis
998 1012 1233 1049 concessa,
1258 999 1555 1049 devenerunt,
1579 999 1800 1052 qualiter-

544 1079 634 1119 que
655 1066 914 1107 ministrata
933 1065 1132 1121 suerunt,
1153 1078 1235 1118 per
1266 1078 1551 1119 quorumque
1573 1065 1800 1106 defectum

544 1131 849 1173 Tornacensis
901 1131 1065 1172 civitas
1121 1143 1211 1171 non
1257 1131 1465 1179 subacta,
1511 1130 1592 1171 sed
1646 1130 1802 1171 taliter

543 1197 763 1238 extiterat
797 1196 1000 1246 dimissa,
1030 1195 1272 1248 diligenter
1308 1196 1552 1249 inquirere,
1582 1199 1643 1247 et,
1674 1196 1802 1237 velut

542 1263 752 1304 dominus
773 1274 934 1315 aequus
960 1266 1005 1302 et
1031 1260 1203 1314 justus,
1226 1261 1475 1302 secundum
1498 1262 1625 1314 leges
1648 1267 1799 1312 terrae,

542 1334 682 1382 prout
719 1327 941 1369 demerita
974 1328 1226 1380 exegerint,
1266 1327 1516 1380 culpabiles
1553 1328 1799 1380 castigare.

544 1394 606 1436 Et
646 1398 869 1448 quantum
909 1406 994 1434 nos
1040 1394 1223 1442 attinet,
1255 1393 1431 1447 judicio
1470 1394 1651 1447 parium
1691 1406 1799 1435 nos-

544 1465 736 1511 trorum,
771 1464 944 1501 sanctae
980 1458 1187 1501 ecclesiae
1217 1464 1347 1500 statu
1364 1472 1417 1501 ac
1440 1459 1596 1501 ordine
1624 1464 1799 1510 nostro,

543 1526 659 1567 alias
698 1527 818 1567 sicut
855 1538 980 1579 saepe
1024 1526 1290 1579 scripsimus
1336 1537 1517 1579 semper
1550 1526 1705 1573 salvis,
1751 1526 1800 1566 in

543 1593 750 1634 omnibus
771 1604 855 1633 nos
878 1591 1145 1632 submittere
1159 1591 1312 1644 parati
1334 1604 1505 1632 sumus.
1575 1592 1648 1633 De
1670 1591 1802 1633 nobis

543 1659 717 1711 itaque,
737 1671 821 1699 nec
845 1657 948 1698 aliis
969 1661 1103 1698 terrae
1129 1663 1294 1698 vestrae
1324 1657 1533 1698 fidelibus
1553 1670 1607 1698 ac
1630 1657 1799 1711 probis,

543 1725 811 1778 priusquam
832 1724 1002 1764 veritas
1037 1727 1354 1776 cognoscatur,
1376 1723 1464 1764 nisi
1498 1724 1667 1765 bonum
1703 1736 1801 1764 cre-

543 1789 650 1831 dere
668 1803 750 1832 nec
772 1789 1043 1844 cujusquam
1064 1789 1197 1830 dictis
1216 1789 1350 1830 fidem
1370 1789 1600 1840 adhibere,
1623 1789 1799 1832 velitis:

543 1856 585 1897 si
644 1856 764 1897 enim
823 1860 981 1908 gentes
1038 1856 1136 1896 sine
1184 1868 1421 1908 responso,
1469 1856 1663 1897 veritate
1718 1869 1802 1897 nec

544 1922 719 1975 agnita,
750 1921 1015 1975 puniantur,
1035 1921 1091 1961 de
1118 1921 1249 1962 bonis
1281 1925 1328 1961 et
1361 1920 1508 1971 malis,
1531 1921 1620 1962 reis
1651 1925 1699 1963 et
1731 1921 1801 1963 in-

543 1987 768 2037 sontibus,
809 2000 949 2027 unum
977 1986 1203 2041 judicium
1242 1986 1360 2028 soret
1400 1991 1446 2029 et
1485 1987 1617 2028 idem.
1705 1986 1801 2029 Ini-

543 2054 688 2095 micos
738 2053 923 2106 insuper
967 2052 1135 2095 Galliae
1183 2057 1229 2094 et
1278 2053 1445 2095 Scotiae
1496 2053 1610 2094 adeo
1658 2053 1800 2095 fortes

544 2120 764 2161 attentius
785 2124 1054 2173 matureque
1081 2118 1369 2160 considerare
1391 2119 1560 2161 curetis
1578 2133 1589 2171 ;
1621 2120 1661 2160 si
1680 2120 1800 2160 enim

543 2186 739 2239 praelati,
780 2190 1038 2238 magnates,
1074 2198 1129 2226 ac
1163 2185 1307 2226 totius
1345 2190 1482 2227 terrae
1516 2190 1683 2227 vestrae
1724 2198 1799 2226 sa-

543 2252 736 2305 pientes,
766 2251 838 2292 die
870 2257 1094 2305 nocteque
1132 2251 1228 2292 sine
1260 2252 1482 2293 divisione
1519 2265 1600 2293 seu
1636 2252 1801 2308 discre-

541 2318 727 2371 patione
753 2331 845 2359 una
868 2317 1107 2360 voluntate
1130 2317 1279 2359 forent
1302 2330 1504 2371 congrua
1538 2323 1586 2359 et
1609 2331 1800 2359 assensu

542 2385 728 2437 negotia
749 2389 920 2433 vestra,
950 2396 1092 2437 supra
1125 2383 1308 2424 modum
1339 2384 1498 2433 ardua,
1519 2384 1714 2425 discrete
1746 2397 1802 2425 ac

542 2450 873 2504 circumspecte
915 2450 1171 2499 ordinandi,
1207 2462 1421 2502 guerram
1459 2455 1659 2491 vestram
1699 2451 1799 2504 Jam

541 2515 786 2570 inceptam,
802 2516 1019 2557 honorem
1035 2521 1238 2556 vestrum
1255 2521 1479 2569 terraeque
1499 2516 1799 2558 salvationem

541 2582 857 2631 conservandi,
881 2582 995 2623 satis
1018 2581 1246 2622 modicum
1269 2581 1365 2622 fore
1386 2582 1629 2624 videretur.
1679 2581 1801 2623 *Nec

540 2648 670 2689 vobis
700 2648 957 2702 displiceat,
981 2647 1162 2689 domine
1190 2646 1451 2697 reverende,
1480 2647 1602 2700 quod
1629 2648 1799 2688 verita-

588 2752 596 2771 ¹
626 2754 797 2785 Amended
813 2754 895 2785 from
908 2753 984 2786 MS.
999 2753 1096 2785 Harl.
1107 2755 1170 2784 655
1184 2763 1193 2792 ;
1216 2752 1226 2770 ‘
1239 2752 1274 2783 in
1289 2753 1455 2795 ecclesia‚'
1471 2753 1570 2786 MSS.
1583 2753 1669 2786 Con.
1683 2753 1803 2795 Magd.

539 2799 606 2829 and
625 2799 713 2831 Cott.
731 2800 839 2840 Nero,
854 2800 900 2832 D.
918 2800 955 2831 ii.
