2038 3306
449 357 676 389 WALTERI
709 357 771 387 DE
802 356 1177 388 HEMINGBURGH.
1358 344 1445 386 259

177 469 224 505 et
255 461 518 504 Gomorrha
541 462 747 505 totaliter
777 461 838 503 sit
875 462 1154 503 submersus.
1226 459 1363 512 Quod
1403 459 1442 501 si
1475 466 1648 528 {⁶5⁸5‘gog3

179 529 449 583 perterritus
464 541 524 570 ex
544 529 631 570 hiis
647 528 784 570 dictis
797 541 887 569 non
906 527 1138 569 destiterit
1154 527 1213 568 ab
1228 526 1440 580 inceptis,
1459 553 1618 580 „mmm

176 600 223 636 et
242 595 578 636 restitutionem
600 607 691 636 non
710 594 869 635 fecerit
893 594 949 635 de
970 593 1216 647 perceptis,
1241 591 1440 646 psallent
1457 587 1652 652 ξζξῗξρξζᾟ

176 673 259 714 pro
318 674 373 702 eo
435 666 607 703 extunc
660 660 872 714 nequiter
923 659 1140 701 indurato
1198 658 1437 700 Psalmum
1456 653 1643 713 ἓξξζηῗὲξξ,

175 727 473 768 centesimum
497 732 731 776 octavum,
756 725 833 767 Illi
856 725 931 767 cui
952 725 1106 766 omnia
1129 728 1238 766 sunt
1259 724 1445 777 aperta,

175 793 344 845 singuli
384 792 578 847 singulis
619 792 795 841 diebus,
844 791 970 832 clara
1014 803 1126 831 voce
1165 790 1213 831 in
1254 785 1443 832 Christo

177 858 476 908 devotissimi,
500 858 628 899 Deus
653 857 833 898 laudem
858 856 978 897 etc.’'

363 1002 469 1043 Item
490 1002 592 1042 certi
614 1000 807 1042 Articuli
826 1001 876 1042 de
903 999 1253 1056 Oppressionibus.

243 1117 360 1159 Cum
378 1115 391 1138 ¹
421 1117 467 1158 in
490 1117 796 1170 parliamento
817 1116 990 1158 domini
1018 1116 1140 1170 regis
1171 1116 1293 1170 apud
1317 1116 1432 1159 Car·
1452 1130 1561 1175 erma-y,

176 1183 334 1225 liolum
361 1183 407 1224 in
430 1183 608 1224 octavis
635 1183 791 1224 Sancti
815 1182 1001 1232 Hilarii,
1027 1187 1041 1205 ‘
1056 1196 1178 1224 anno
1195 1181 1235 1204 '²
1262 1183 1433 1224 domini
1451 1164 1518 1189 Μ’
1535 1165 1573 1188 ‘'⁴''

176 1250 295 1302 regis
318 1248 531 1290 Edwardi
554 1249 785 1290 tricesimo
806 1249 980 1302 quinto,
1007 1249 1255 1302 propositae
1291 1253 1303 1271 ‘
1324 1249 1435 1289 fuis-

176 1320 278 1356 sent
301 1313 558 1368 quaedam’³
580 1315 823 1368 petitiones
848 1327 929 1368 per
950 1314 1157 1364 comites,
1179 1315 1374 1356 barones
1392 1320 1438 1356 et

176 1381 292 1422 alios
337 1386 590 1434 magnates,
635 1386 681 1422 et
721 1380 1092 1422 communitatem
1130 1381 1272 1422 totius
1308 1382 1437 1434 regni

176 1446 376 1500 Auinae,
400 1460 483 1500 pro
515 1451 641 1487 statu
681 1459 864 1488 coronae
903 1446 1058 1499 regiae,
1083 1458 1260 1488 necnon
1290 1451 1435 1488 terra-

176 1525 276 1553 rum
305 1513 450 1566 ipsius
480 1513 601 1564 regis
632 1512 816 1561 Scotiae,
839 1511 1026 1552 Walliae
1049 1516 1096 1553 et
1115 1511 1368 1561 Hiberniae,
1393 1518 1439 1554 et

175 1583 275 1620 tota
305 1578 631 1620 communitate
667 1577 906 1630 praedicta,
937 1589 1077 1630 super
1113 1578 1268 1628 variis,
1304 1580 1439 1619 novis

174 1650 222 1685 et
255 1643 619 1686 intolerabilibus
650 1643 1009 1696 gravaminibus,
1045 1643 1437 1697 oppressionibus,

173 1708 352 1764 injuriis
373 1715 421 1750 et
441 1709 794 1759 extortionibus,
816 1709 1022 1763 praefatis
1044 1709 1288 1751 comitibus
1303 1710 1438 1751 baro-

174 1774 308 1817 nibus
332 1780 378 1817 et
405 1776 697 1828 magnatibus
729 1781 775 1816 et
799 1774 1134 1825 communitati,
1160 1775 1436 1817 auctoritate

172 1841 343 1883 domini
364 1853 497 1895 papae
512 1846 559 1882 et
575 1840 807 1891 mandato,
829 1854 884 1882 ac
900 1840 1038 1882 etiam
1062 1853 1144 1894 per
1162 1842 1435 1895 magistrum

173 1907 455 1949 Willelmum
479 1906 624 1948 Testa
650 1906 822 1948 domini
854 1919 988 1960 papae
1009 1906 1241 1957 clericum,
1262 1920 1436 1949 necnon

172 1973 379 2027 ejusdem
412 1973 621 2026 magistri
646 1972 868 2013 Willelmi
897 1972 1248 2022 commissarios,
1278 1973 1435 2014 minis-

172 2044 285 2089 tros,
307 2052 389 2081 seu
409 2036 588 2093 ‘ejus'⁴
618 2038 740 2079 vices
766 2043 976 2091 gerentes
1004 2043 1050 2079 et
1080 2038 1225 2091 ipsius
1257 2039 1437 2079 nomine

172 2105 313 2146 illatis
343 2104 659 2157 multipliciter
689 2104 735 2144 in
762 2116 906 2157 regno
929 2107 942 2126 ‘
959 2102 1196 2157 Angliae’⁴
1226 2111 1272 2146 et
1304 2105 1438 2145 terris

174 2170 422 2223 praedictis,
453 2174 591 2223 prout
628 2170 675 2211 in
713 2169 920 2211 articulis
955 2170 1191 2211 contentis
1222 2169 1440 2210 ‘inferius

174 2236 404 2286 inseritur,
426 2235 504 2289 qui
528 2235 645 2276 tales
667 2232 927 2276 sunt.’⁵-—“
949 2235 1018 2276 De
1041 2235 1262 2276 effrenata
1286 2235 1440 2288 provi-

175 2302 354 2343 sionum
378 2300 669 2342 multitudine
689 2300 1063 2354 apostolicarum,
1083 2305 1097 2323 ‘
1114 2313 1197 2354 per
1213 2299 1351 2354 quarn
1370 2313 1442 2342 or·

174 2362 405 2408 dinaria’6
456 2366 778 2408 beneficiorum
828 2366 1015 2408 collatio
1065 2365 1335 2416 ‘tollitur,’⁷
1389 2378 1444 2407 ac

223 2477 233 2495 ¹
257 2478 354 2509 From
370 2477 437 2509 this
452 2478 547 2517 point
561 2481 595 2509 to
610 2477 666 2509 the
677 2478 743 2509 eud
758 2477 795 2508 of
871 2476 884 2494 ⁴
909 2477 1061 2509 Omitted
1079 2478 1113 2509 in
1130 2478 1210 2509 Rot.
1350 2515 1353 2517 ¹

176 2533 263 2564 page
278 2526 343 2556 2⁶4
366 2523 625 2577 Hemingburgh
651 2523 713 2555 has
734 2533 792 2556 ex·
871 2533 885 2553 ⁶
909 2535 965 2566 ‘in
1002 2535 1177 2575 praedictis
1214 2535 1445 2575 petitionibus,

176 2570 306 2602 tracted
320 2570 443 2601 almost
457 2570 620 2601 ven-baum
637 2569 721 2601 from
737 2569 792 2601 the
826 2582 886 2621 qui
915 2581 1000 2613 tales
1030 2584 1120 2621 sunt,
1152 2582 1322 2620 ingeritur,
1352 2579 1446 2611 vide.

177 2616 388 2648 Parliament
422 2615 530 2655 Rolls,
555 2618 595 2647 35
629 2616 729 2647 Edw.
761 2616 792 2647 Ι.
826 2628 905 2659 licet
921 2628 929 2641 ν
945 2628 1020 2659 Rot.

177 2662 271 2704 (not.
295 2662 389 2694 Pari.
413 2662 438 2693 i.
463 2659 558 2705 219.)
606 2662 678 2693 The
702 2662 794 2702 prin·
907 2651 918 2668 '
1229 2695 1236 2701 ,

178 2708 269 2748 cipal
288 2709 473 2739 variations
488 2708 527 2739 os
538 2708 594 2740 the
610 2709 794 2740 enrolment
874 2693 888 2713 ⁶
911 2696 921 2713 ⁴
934 2706 995 2736 per
1009 2705 1095 2735 (ΨΜ
1107 2698 1257 2736 patmum
1267 2704 1326 2727 ⁵0¹¹
1344 2693 1446 2725 advo·

178 2754 250 2784 will
267 2754 307 2785 be
323 2754 428 2785 found
444 2754 565 2787 below.
829 2742 939 2780 catlssv'
955 2742 1031 2773 Rot-

225 2798 238 2816 ²
260 2801 367 2831 ‘anno
381 2799 499 2840 regni,'
516 2800 592 2832 Rot.
873 2796 887 2817 ‘¹
919 2799 930 2816 ‘
946 2798 1076 2830 tollitur
1109 2807 1169 2829 seu
1207 2796 1447 2837 praesentatio:

226 2844 239 2864 ³
262 2848 272 2863 ⁴
284 2845 442 2886 suerunt‚’
458 2846 533 2878 Rot.
834 2845 909 2877 Rot.

1242 2915 1257 2935 s
1289 2907 1309 2937 2
