2038 3306
491 315 717 347 WALTEm
751 314 812 345 niz
843 314 1223 347 nnmmcnuncn.
1397 304 1483 346 175

219 418 402 461 sideret.
463 417 556 470 Qui
591 431 695 460 cum
725 417 947 460 insultum
973 419 1158 461 fecisset
1188 418 1245 460 ad
1277 423 1480 460 castrum
1516 429 1687 489 ffssffissi.

220 485 276 527 de
306 485 490 527 Drilton
516 498 600 539 per
631 485 728 527 dies
759 485 940 539 aliquos
974 486 1250 528 resisterunt
1283 484 1480 535 fortiter,
1497 517 1641 543 mmm

221 556 267 593 et
290 565 350 592 ex
373 551 679 593 insilientibus
699 564 873 605 paucos
898 557 1206 606 peremerunt,
1230 551 1479 593 deficienti·
1497 550 1640 577 ⁸0⁰‘¹¹²¹¹‘¹·

220 618 398 671 busque
429 617 592 670 ligneis
623 617 846 659 machinis
880 623 927 659 et
962 618 1239 660 victualibus
1271 630 1326 660 eo
1358 617 1481 671 quod

221 697 313 725 non
354 683 584 726 habebant
618 684 740 738 quod
783 684 1123 726 commederent
1154 684 1243 725 nisi
1271 684 1397 738 pisas
1435 688 1482 725 et

222 749 353 791 fabas
395 763 511 804 quas
558 750 858 792 excutiebant
898 749 946 790 in
984 750 1173 803 campis,
1215 750 1340 791 misit
1382 750 1480 803 epi·

220 829 387 870 scopus
419 817 610 858 nuncios
645 815 704 857 ad
740 829 907 869 regem,
945 816 1024 868 qui
1059 816 1344 857 voluntatem
1379 816 1480 870 ejus

221 887 504 936 expeterent.
574 882 635 923 Et
673 886 773 923 erat
811 882 979 922 missus
1018 881 1096 922 ille
1134 882 1480 923 strenuissimus

221 948 353 989 miles
406 947 647 989 Johannes
700 945 992 988 Marmeduk.
1075 946 1163 988 Cui
1205 948 1326 989 dixit
1379 961 1479 996 rex,

222 1014 564 1063 “Revertere,''
612 1013 776 1066 inquit,
824 1016 912 1054 “et
965 1012 1038 1054 dic
1088 1013 1307 1067 episcopo
1356 1013 1479 1068 quod

221 1080 355 1121 homo
396 1080 583 1134 pietatis
624 1084 695 1122 est
734 1079 783 1120 in
821 1083 1046 1132 quantum
1086 1080 1346 1133 episcopus,
1386 1092 1479 1121 non

222 1151 378 1188 tamen
398 1150 580 1200 oportet
598 1146 645 1187 in
664 1145 751 1187 hoc
766 1145 891 1187 facto
909 1149 921 1167 ‘
936 1141 1117 1199 opera’¹
1138 1146 1325 1200 pietatis
1345 1159 1480 1187 exer-

221 1213 368 1255 cere.''
429 1213 491 1254 Et
531 1211 818 1267 applaudens
860 1211 994 1253 militi
1034 1211 1115 1261 ait,
1159 1212 1281 1253 “Tu
1325 1217 1480 1254 autem

224 1279 360 1321 homo
386 1279 585 1320 crudelis
619 1291 682 1328 es,
720 1282 767 1319 et
797 1291 893 1331 prae
923 1277 1064 1319 nimia
1093 1278 1364 1320 crudelitate
1401 1283 1482 1320 tua

222 1346 499 1399 aliquotiens
557 1343 774 1398 redargui
824 1348 885 1394 te,
939 1356 994 1385 eo
1048 1344 1169 1397 quod
1225 1344 1481 1386 exultando

222 1412 397 1465 gaudes
445 1412 494 1452 in
546 1415 739 1452 mortem
788 1409 1077 1451 inimicorum
1127 1415 1328 1454 tuorum.
1390 1410 1481 1452 Sed

221 1491 342 1520 nunc
394 1478 575 1531 quidem
621 1476 752 1526 vade,
802 1481 850 1517 et
893 1489 1073 1518 omnem
1130 1481 1258 1518 tuam
1316 1490 1482 1518 exerce

222 1544 522 1597 tyrannidem,
548 1556 631 1585 nec
662 1542 846 1597 quidem
874 1543 1145 1596 vituperabo
1173 1543 1253 1584 sed
1280 1542 1481 1585 laudabo

222 1614 282 1651 te.
353 1610 414 1651 Et
448 1623 562 1651 cave
595 1622 654 1650 ne
682 1608 846 1650 faciem
881 1621 1029 1649 meam
1055 1609 1213 1650 videas
1241 1622 1482 1663 quousque

221 1676 528 1718 incendantur
547 1675 628 1716 illa
646 1675 736 1717 tria
756 1674 954 1716 castra.”
1025 1674 1114 1715 Cui
1134 1675 1229 1724 ille,
1248 1678 1276 1698 ‘⁴
1293 1675 1356 1716 Et
1368 1688 1482 1729 quo-

222 1743 357 1784 modo
384 1743 470 1784 hoc
498 1742 678 1792 faciam,
710 1741 893 1782 domine
919 1740 982 1781 mi
1012 1746 1109 1791 rex,
1138 1754 1247 1783 cum
1278 1741 1341 1782 sit
1370 1741 1480 1782 mihi

221 1809 356 1851 valde
386 1809 565 1851 difficile
580 1808 631 1850 2²⁹
700 1807 763 1848 Et
800 1820 883 1848 rex
919 1806 976 1848 ad
1012 1810 1132 1856 eum,
1150 1810 1183 1829 '⁶‘
1200 1807 1381 1857 Vade‚''
1410 1808 1480 1849 in-

221 1876 335 1930 quit,
359 1880 385 1897 ‘⁶
404 1876 514 1930 quia
545 1875 717 1916 faciens
759 1873 915 1922 facies,
952 1877 999 1914 et
1030 1873 1166 1915 fidem
1204 1874 1316 1916 mihi
1347 1874 1479 1915 dabis

221 1943 342 1995 quod
369 1942 454 1984 hoc
475 1941 661 1983 facies.''
713 1941 930 1994 Dataque
950 1940 1283 1990 benedictione,
1305 1940 1479 1982 dimisit

221 2021 342 2051 eum.
413 2009 474 2050 Et
504 2009 603 2062 ipse
627 2007 816 2048 veniens
847 2006 908 2047 ad
936 2006 1201 2059 episcopum
1227 2007 1479 2047 nunciabat

220 2075 263 2116 ei
313 2075 467 2116 omnia
522 2074 662 2116 verba
714 2073 828 2114 haec.
899 2072 1092 2114 Interim
1139 2071 1348 2114 visitavit
1397 2084 1476 2113 eos

221 2145 234 2163 ‘
251 2136 529 2182 Dominus.’²
578 2140 817 2182 Venerunt
837 2138 957 2179 enim
981 2138 1046 2179 eis
1070 2151 1174 2179 cum
1197 2137 1477 2179 victualibus

221 2211 316 2248 tres
359 2220 502 2248 naves
546 2210 740 2252 onustae,
780 2203 900 2245 unde
952 2203 1254 2258 reassumptis
1300 2204 1477 2245 viribus

220 2274 371 2314 acrius
400 2273 537 2314 solito
563 2270 783 2312 insultum
814 2270 1035 2320 fecerunt,
1056 2270 1124 2312 ita
1144 2269 1266 2324 quod
1291 2270 1477 2312 attoniti

218 2345 477 2381 castrenses
511 2337 736 2380 dederunt
761 2349 811 2378 se
844 2340 950 2390 post
980 2336 1182 2386 biduum,
1213 2335 1356 2377 salvis
1389 2336 1477 2377 sibi

216 2407 365 2456 bonis,
386 2406 486 2447 vita
499 2410 546 2447 et
560 2403 792 2445 membris.
838 2402 1092 2456 Missisque
1105 2402 1238 2444 novis
1254 2401 1477 2444 militibus

217 2473 276 2513 ad
305 2472 399 2513 alia
426 2476 596 2520 castra,
627 2474 681 2511 ut
708 2482 804 2511 suae
824 2468 1042 2510 novitatis
1072 2468 1267 2522 gloriam
1288 2481 1477 2510 exerce-

218 2543 337 2588 rent,
367 2539 642 2579 invenerunt
668 2549 724 2577 ea
747 2547 914 2586 vacua,
938 2539 985 2576 et
1008 2534 1105 2588 igni
1125 2534 1474 2577 succenderunt.

218 2605 280 2646 Et
311 2605 377 2646 sic
413 2603 560 2658 captis
590 2607 638 2644 et
674 2601 909 2643 succensis
941 2600 1033 2642 illis
1067 2600 1214 2641 tribus
1255 2599 1478 2651 castellis,

215 2671 388 2712 reversi
411 2675 519 2712 sunt
539 2668 597 2710 ad
618 2681 774 2722 regem
795 2681 898 2709 cum
920 2667 1089 2720 gaudio
1111 2671 1159 2708 et
1179 2666 1342 2720 gloria.

261 2790 272 2812 ¹
297 2793 438 2833 ‘opem‚’
455 2793 529 2825 MS.
547 2792 670 2824 Lansd.
860 2765 1325 2846 Ouzsiltffffi'lulsfzanfflft’
1355 2767 1478 2808 vesp„
