2038 3306
503 326 730 358 wilm-Em
764 326 825 357 DE
858 327 1234 361 nnmmcssunen.
1413 320 1499 362 237

232 432 290 475 ad
315 445 431 487 opus
462 438 670 474 nostrum
700 423 830 474 salvo
869 433 1090 476 custodiri
1126 435 1322 485 faciatis,
1354 433 1500 476 donec
1533 444 1694 503 {dfffgoi'

230 499 355 540 aliud
396 498 502 540 inde
544 498 674 540 vobis
719 500 1086 553 praeceperimus.
1169 500 1498 543 Mandavimus
1518 495 1632 557 Writer
1693 494 1700 502 ’

230 565 349 606 enim
381 564 634 606 vicecomiti
662 569 820 606 nostro
854 567 1101 608 comitatus
1131 567 1338 621 praedicti
1375 567 1499 620 quod
1518 564 1691 590 T¹³²¹¹¹³ffi⁰¹h

230 630 290 672 ad
327 637 478 672 certos
519 629 640 671 diem
683 635 730 672 et
767 631 940 682 locum,
982 643 1100 686 quos
1137 646 1221 674 vos
1257 632 1500 687 providere

229 696 470 746 duxeritis,
495 696 650 737 venire
676 696 816 738 saciat
843 709 997 739 coram
1027 698 1158 740 vobis
1186 703 1257 740 tot
1287 703 1334 740 et
1363 698 1498 748 tales,

230 767 326 804 tam
347 762 514 804 milites
535 774 674 815 quam
703 762 832 811 alios,
854 775 970 816 quos
1002 762 1169 805 habere
1199 764 1496 806 decreveritis

231 828 288 870 de
308 828 531 870 comitatu
551 827 647 877 illo,
669 832 763 869 tam
785 827 905 869 infra
925 828 1162 870 libertates
1185 842 1323 883 quam
1345 835 1496 880 extra,

231 907 313 948 per
334 906 451 948 quos
479 893 584 946 ipsa
608 893 778 935 veritas
813 893 976 934 melius
1011 894 1119 935 sciri
1149 895 1320 948 poterit
1351 900 1398 937 et
1426 896 1497 937 in-

231 959 380 1014 quiri3
415 964 462 1000 et
491 957 614 1012 quod
646 970 804 1000 omnes
835 958 940 1000 illos
973 972 1091 1013 quos
1123 973 1205 1014 per
1239 960 1496 1014 inquisitio·

232 1038 335 1067 nem
362 1024 489 1066 illam
518 1023 771 1077 culpabiles
795 1023 990 1065 inveniri
1019 1026 1283 1079 contigerit,
1311 1031 1359 1068 et
1383 1039 1499 1080 quos

233 1103 316 1133 vos
361 1090 404 1132 ei
439 1090 504 1131 sic
536 1089 841 1131 liberaveritis
875 1103 904 1132 a
945 1090 1075 1132 vobis
1110 1095 1124 1114 ‘
1144 1092 1339 1146 recipiat
1356 1092 1383 1144 ;’
1401 1091 1412 1113 ¹
1454 1098 1501 1134 et

233 1169 427 1211 quorum
465 1155 653 1197 nomina
703 1155 745 1196 ei
789 1155 907 1197 scire
945 1160 957 1178 ‘
977 1156 1220 1207 facietis,'²
1261 1163 1500 1212 assumpto

232 1236 388 1265 secum
419 1220 662 1263 sufficienti
692 1233 828 1275 posse
859 1221 1106 1264 comitatus
1137 1223 1362 1277 praedicti,
1401 1224 1500 1266 sine

233 1288 452 1330 dilatione
483 1286 700 1329 arrestari
724 1292 769 1328 et
798 1287 843 1328 in
879 1288 1066 1342 prisona
1098 1294 1260 1331 nostra
1291 1289 1422 1332 salvo
1451 1296 1500 1332 et

231 1367 392 1396 secure
433 1353 662 1395 custodire
704 1352 846 1395 faciat
882 1353 929 1394 in
975 1353 1121 1395 forma
1161 1355 1410 1408 praedicta3
1454 1361 1500 1398 et

233 1419 554 1462 communitati
592 1418 704 1460 dicti
743 1418 1004 1469 comitatus,
1051 1420 1173 1474 quod
1211 1420 1348 1462 simul
1395 1434 1498 1463 cum

234 1486 502 1528 vicecomite
529 1484 751 1538 praedicto
771 1485 919 1535 vobis,
944 1485 1351 1540 quotienscumque
1381 1500 1498 1541 opus

233 1551 388 1601 suerit,
411 1552 458 1592 in
494 1550 743 1604 praemissis
778 1557 952 1603 pareat,
978 1551 1167 1593 assistat
1196 1557 1242 1594 et
1271 1552 1498 1604 intendat,

234 1622 372 1671 prout
395 1617 461 1658 eis
491 1616 742 1671 injungetis
777 1629 837 1658 ex
864 1621 996 1671 parte
1028 1622 1199 1659 nostra.
1273 1617 1330 1659 In
1364 1618 1498 1673 cujus

234 1683 297 1726 rei
320 1682 649 1732 testimonium,
674 1681 792 1723 etc.'’

346 1831 536 1874 Articuli
555 1831 797 1887 inquirendi
814 1832 864 1874 de
888 1832 992 1888 ipsis
1014 1832 1395 1889 Malefactor‘c'bus.³

304 1949 391 1990 Fet
415 1961 443 1989 a
464 1948 737 1989 remembrer
752 1948 809 1989 de
827 1961 934 1989 ceus
955 1961 1011 2002 qe
1024 1961 1052 1990 a
1073 1948 1195 1990 force
1217 1952 1230 1970 ‘
1247 1962 1271 1990 e
1293 1949 1304 1965 '
1319 1943 1335 1966 ⁴
1355 1962 1383 1990 a
1407 1954 1500 1991 tort

234 2019 483 2056 encountre
527 2014 574 2055 la
614 2027 695 2068 pes
740 2018 897 2055 nostre
942 2026 1146 2067 seygnur
1178 2015 1231 2055 -le
1267 2028 1349 2068 roy
1390 2021 1500 2056 sunt
1560 2014 1562 2016 ’

235 2086 387 2123 entres
409 2093 466 2121 en
481 2085 618 2134 autry
635 2085 795 2128 terres,
810 2093 835 2120 e
856 2084 1003 2132 quant
1021 2079 1067 2133 yl
1082 2092 1139 2120 ne
1156 2085 1303 2132 pount
1317 2080 1390 2121 lur
1406 2084 1500 2122 tort

237 2152 249 2169 ⁶
266 2160 291 2188 e
306 2144 342 2168 ’⁵
360 2146 434 2187 lur
449 2145 571 2187 force
586 2150 854 2199 meyntener
871 2149 1120 2186 encountre
1136 2158 1274 2186 ceous
1291 2158 1347 2199 qe
1363 2151 1500 2187 sount

235 2225 339 2254 vers
353 2224 447 2252 ews
460 2224 544 2265 par
555 2211 602 2252 la
614 2211 708 2265 lay,
718 2210 922 2263 bayllent
937 2223 961 2251 e
975 2215 1167 2252 mettent
1183 2215 1195 2235 ‘
1206 2204 1344 2252 lour’6
1357 2216 1500 2253 terres

236 2291 261 2319 e
293 2278 359 2319 les
391 2282 623 2318 tenemens
651 2281 918 2318 torcenuses
956 2281 1086 2317 entre
1121 2276 1187 2317 les
1221 2289 1384 2330 mayns
1419 2278 1500 2319 des

233 2356 410 2398 graunz
444 2355 687 2397 seygnurs,
714 2355 802 2396 pur
830 2341 1070 2383 continuer
1102 2355 1187 2396 par
1212 2342 1335 2384 sorce
1367 2356 1392 2384 e
1417 2356 1501 2397 par

282 2537 291 2558 ¹
326 2538 337 2556 ‘
353 2536 582 2577 recipiantur,’
622 2535 722 2567 MSS.
762 2534 849 2566 Coll.
884 2534 1081 2565 omittuntur
1096 2533 1230 2566 Gallice
1246 2537 1325 2565 sunt
1341 2536 1502 2575 scripta.’'

232 2586 326 2617 Trin.
341 2583 408 2616 and
425 2583 549 2614 Lansd.
885 2580 916 2611 A
932 2590 1032 2620 copy,
1046 2579 1214 2619 however,
1230 2580 1259 2611 is
1274 2582 1453 2620 preserved
1465 2582 1500 2613 in

279 2629 294 2651 ²
315 2630 493 2668 ‘faciatis,'
509 2629 586 2660 MS.
602 2627 726 2660 Lansd.
885 2626 940 2658 the
970 2625 1150 2666 Abingdon
1176 2626 1368 2667 Chronicle,
1388 2627 1500 2659 which

280 2677 293 2696 ³
313 2677 385 2708 The
400 2675 573 2715 following
595 2673 755 2713 Articles,
769 2682 848 2712 sup·
885 2673 946 2704 has
962 2672 1046 2703 been
1061 2672 1246 2704 consulted.

235 2723 328 2764 plied
357 2723 441 2754 from
465 2722 541 2753 MS.
568 2720 771 2758 Lansdown,
794 2728 850 2750 are
931 2717 943 2735 ⁴
967 2718 1133 2757 Supplied
1155 2718 1239 2749 from
1257 2718 1332 2751 MS.
1349 2719 1475 2761 Abing.

236 2769 375 2801 omitted
400 2769 434 2799 in
456 2767 512 2799 the
535 2767 629 2798 other
644 2764 751 2797 MSS.
767 2765 850 2795 with
931 2763 943 2781 ⁶
966 2765 975 2781 ‘
988 2761 1051 2804 ne,'
1069 2763 1144 2795 MS.
1161 2765 1206 2796 A.

236 2815 291 2848 the
315 2815 487 2854 following
516 2817 604 2852 note,
637 2813 659 2831 “
676 2812 764 2845 Quae
795 2811 849 2842 hic
931 2809 944 2828 ⁶
966 2811 1060 2850 ‘les‚'
1077 2809 1151 2842 MS.
1169 2810 1212 2842 A.
