2038 3306
497 307 724 339 WALTERI
761 307 824 336 DE
859 306 1234 338 HEMINGBURGH.
1405 293 1492 335 38].

229 413 276 450 et
295 408 342 449 in
367 414 542 451 tantam
562 410 919 452 familiaritatem
941 415 1012 451 est
1031 423 1060 451 a
1080 410 1212 451 nobis
1233 414 1492 462 susceptus,
1511 418 1710 478 ffw13¹i³¹4¹1h

230 486 286 515 ac
315 474 442 516 illam
477 476 524 516 in
559 489 609 517 se
647 476 981 518 humanitatem
1011 480 1234 529 expertus
1271 478 1322 515 ut
1361 478 1493 527 pater
1511 471 1588 539 1452,ss
1601 470 1654 532 'Ed
1690 469 1697 476 ’

229 545 387 581 noster
405 547 651 583 vocaretur
672 547 719 584 et
748 541 1020 583 adoraretur
1049 542 1107 582 ab
1140 539 1350 582 omnibus
1386 544 1492 592 post
1511 540 1703 566 '³⁰’·¹0²⁸⁰¹

231 618 387 658 regem
422 608 668 649 secundus.
747 606 957 660 Cumque
983 606 1275 660 postmodum
1300 617 1492 658 regnum
1509 573 1711 632 ffi‘fflssffiw

234 670 443 714 Franciae
477 673 534 714 ad
573 686 658 714 nos
687 672 795 727 jure
825 671 1111 714 successorio
1150 671 1314 712 fuisset
1354 669 1493 712 devo-

231 736 397 788 lutum,
445 743 491 780 et
533 751 562 779 a
604 739 788 780 domino
833 737 1051 791 Philippo
1102 737 1159 779 de
1193 736 1385 778 Valesio
1436 735 1494 777 de

231 801 354 844 facto
396 804 575 845 notorie
623 808 914 856 usurpatum,
954 803 1074 844 idem
1122 802 1494 855 archiepiscopus

234 868 364 909 nobis
387 868 651 922 importuna
672 868 894 910 instantia
925 868 1155 922 persuasit
1187 880 1290 909 cum
1326 867 1494 920 princi·

233 933 369 986 pibus
428 933 717 975 Alemanniae
775 938 938 975 contra
992 933 1164 974 dictum
1229 932 1494 985 Philippum

233 997 384 1039 foedus
429 999 561 1049 inire,
593 1005 639 1041 et
680 1011 951 1052 guerrarum
982 998 1232 1052 dispendiis
1263 1011 1495 1051 exponere

232 1076 315 1105 nos
351 1069 397 1106 et
440 1070 625 1116 nostra;
677 1064 952 1118 promittens
1001 1069 1048 1105 et
1096 1063 1325 1105 affirmans
1371 1063 1494 1117 quod

234 1142 465 1183 expensas
527 1130 583 1171 ad
646 1130 745 1172 haec
798 1130 1100 1178 necessarias,
1161 1129 1218 1171 de
1270 1133 1496 1170 terrarum

235 1203 494 1237 nostrarum
519 1197 834 1250 proventibus,
856 1201 903 1237 et
933 1195 1117 1236 aliunde
1148 1195 1354 1249 quaesitis
1385 1196 1494 1236 sub-

233 1261 377 1311 sidiis,
421 1262 708 1303 abundanter
746 1262 918 1303 faceret
954 1261 1228 1312 ministrari3
1274 1260 1495 1315 adjiciens

234 1327 421 1380 insuper
453 1328 575 1382 quod
611 1327 897 1369 solummodo
929 1327 987 1368 de
1025 1327 1232 1380 personis
1273 1326 1331 1367 ad
1373 1327 1496 1368 bella

233 1393 382 1434 doctis
427 1398 474 1434 et
521 1394 722 1435 strenuis
769 1392 956 1435 solliciti
992 1404 1211 1442 essemus,
1248 1393 1357 1445 quia
1396 1393 1496 1445 ipse

233 1460 475 1512 pecuniam
496 1459 800 1500 necessariam
824 1472 907 1512 pro
939 1459 1109 1500 nostris
1143 1458 1496 1500 necessitatibus

234 1529 281 1566 et
302 1538 460 1566 eorum
481 1525 722 1579 stipendiis
746 1523 990 1566 efficaciter
1022 1529 1304 1577 procuraret.
1359 1523 1496 1566 Unde

234 1602 333 1640 nos,
370 1591 486 1631 mari
527 1590 738 1640 transito,
775 1602 960 1630 manum
999 1589 1058 1631 ad
1093 1589 1238 1630 ardua
1271 1589 1496 1640 misimus,

234 1660 282 1697 et
318 1656 441 1697 circa
475 1656 663 1698 bellicos
696 1660 946 1709 apparatus
985 1655 1248 1704 immensas,
1270 1659 1322 1695 ut
1359 1668 1496 1709 opor-

233 1721 338 1772 tuit,
373 1734 603 1775 expensas
648 1721 853 1770 fecimus,
896 1725 943 1763 et
990 1720 1314 1762 confoederatis
1365 1721 1496 1762 nobis

235 1787 282 1828 in
303 1788 516 1829 maximis
535 1787 834 1841 pecuniarum
854 1787 1044 1828 summis
1065 1799 1148 1828 nos
1173 1785 1496 1839 obligavimus,

236 1853 294 1894 de
324 1855 548 1906 promisso
580 1853 713 1894 nobis
743 1853 934 1903 auxilio,
964 1858 1016 1894 ut
1046 1852 1358 1906 praemittitur,
1388 1865 1496 1894 con·

239 1918 447 1960 fidentes.
531 1918 620 1959 Sed
660 1918 779 1960 heu!
825 1918 1041 1971 quoniam
1086 1917 1288 1959 illusoris
1331 1918 1496 1959 baculo

237 1984 488 2026 arundineo
520 1997 639 2034 cum,
674 1984 815 2038 juxta
852 1984 1127 2024 sententiam
1165 1982 1494 2036 propheticam,

235 2051 276 2092 si
312 2051 498 2091 innixus
531 2049 668 2091 fuerit
702 2049 838 2091 homo
871 2049 1062 2090 intrabit
1096 2050 1143 2090 in
1179 2061 1362 2089 manum
1395 2048 1496 2102 ejus

240 2122 285 2157 et
331 2116 582 2169 perforabit
614 2115 980 2165 eam,·fiduciam
1016 2115 1272 2168 posuimus,
1303 2119 1350 2155 et
1387 2115 1497 2156 sub-

239 2187 390 2223 tracto
421 2182 569 2231 nobis,
602 2182 775 2222 utinam
818 2194 911 2222 non
955 2180 1282 2229 fraudulenter,
1312 2185 1498 2233 sperato

239 2247 458 2296 subsidio,
494 2247 766 2288 necessitate
804 2245 1043 2299 compulsi,
1078 2247 1163 2287 sub
1198 2245 1350 2287 usuris
1393 2258 1498 2298 gra-

241 2313 437 2354 vissimis
472 2313 606 2366 quasi
643 2312 953 2366 importabilia
1001 2311 1318 2352 contraximus
1359 2323 1499 2352 onera

239 2379 511 2428 debitorum,
532 2385 579 2420 et
601 2378 667 2420 sic
690 2378 924 2420 retardata
951 2377 1246 2431 expeditione
1276 2377 1498 2427 ulteriori,

241 2445 387 2486 coacti
412 2457 568 2485 sumus
588 2445 646 2485 ab
670 2443 895 2485 inchoatis
918 2443 1272 2495 magnanimiter
1297 2442 1498 2483 hostium

239 2511 534 2564 aggressibus
570 2522 626 2551 ea
649 2510 748 2550 vice
784 2509 1005 2550 desistere
1029 2514 1076 2550 et
1105 2509 1151 2549 in
1183 2507 1404 2560 Angliam
1435 2521 1502 2550 re-

241 2589 421 2628 meare;
482 2576 560 2617 ubi
620 2575 844 2628 expositis
900 2573 1094 2627 praefato
1156 2573 1502 2627 archiepiscopo

242 2642 409 2684 nostris
471 2642 688 2682 aerumnis
747 2640 1076 2693 multiplicibus
1135 2645 1182 2681 et
1243 2639 1504 2680 infortuniis

238 2707 518 2757 memoratis,
577 2711 923 2758 convocatoque
983 2718 1120 2758 super
1190 2704 1275 2746 hoc
1338 2705 1507 2758 parlia-

240 2779 408 2823 mento,
424 2787 650 2826 proceres,
667 2774 878 2822 barones,
895 2771 1074 2824 praelati
1087 2771 1331 2824 caeterique
1349 2770 1506 2814 fideles
