2038 3306
485 312 712 344 WAL'rnm
746 313 808 343 DE
840 312 1216 344 nnmmcnuncu.
1389 301 1476 343 267

211 422 390 461 ceretur
428 418 486 459 ad
524 422 679 471 partes
715 417 958 467 australes,
993 421 1288 471 maneretque
1321 416 1368 458 in
1401 429 1473 458 ec-
1509 425 1670 484 {⁶3⁸2}ss

212 483 350 526 clesia
379 483 698 537 religiosorum
721 484 778 525 de
805 483 1040 526 Waltham
1066 483 1212 525 donec
1242 482 1473 524 ordinare·
1537 478 1543 484 ’
1583 477 1590 485 ’
1672 477 1678 483 ’
1704 491 1708 493 “

211 554 286 591 tur
303 554 479 591 certum
509 549 566 591 de
596 555 721 591 terra
741 549 927 600 Scotiae,
950 555 997 591 et
1021 553 1208 592 vacaret
1232 548 1297 590 eis
1321 549 1473 590 inten-

208 615 315 657 dere
333 615 583 669 sepulturae
600 629 612 668 3
643 615 906 670 factumque
924 620 995 657 est
1009 615 1090 658 ita.
1142 615 1475 668 Remansitque
1491 623 1611 649 Edward
1624 623 1664 649 11-

1491 656 1516 682 is
1528 657 1656 682 acknow-

211 694 359 723 novus
383 694 485 732 rex,
509 686 557 723 et
587 681 710 735 cepit
739 681 955 734 homagia
985 686 1032 722 et
1067 681 1314 723 fidelitates
1343 693 1474 734 mag·
1489 689 1680 749 ffidgffiffiieng

211 751 387 796 natum,
443 751 489 788 et
517 746 597 788 'de
650 759 808 789 eorum
862 746 1056 788 consilio
1112 746 1344 800 profectus
1402 751 1475 788 est
1652 739 1659 749 ⁸

211 825 357 866 usque
376 812 702 862 ,Rokesbubrch,
723 812 855 859 etibi
879 812 1236 866 cepithomagia
1259 817 1306 854 et
1329 812 1485 855 fideli-⁷

211 883 332 920 tates
381 878 631 935 multorum
667 883 936 931 magnatum
977 878 1105 931 regni
1149 877 1351 930 Scotiae3
1398 891 1473 920 or-

210 943 477 997 dinavitque
511 943 725 986 custodes
761 943 809 985 in
842 941 1032 992 Scotia,¹
1068 947 1113 984 et
1143 955 1356 984 reversus
1385 948 1471 986 est.

208 1009 470 1063 Tenuitque
501 1009 852 1063 parliamentum
880 1022 1016 1050 suum
1039 1008 1162 1062 apud
1187 1008 1472 1063 Northamp-
1489 1015 1679 1050 Holsssupar-

1487 1049 1606 1074 liament
1617 1052 1647 1074 at

209 1080 365 1117 tonam
402 1075 449 1116 in
485 1074 716 1129 quindena
746 1074 906 1117 Sancti
944 1073 1203 1124 Michaelis,
1242 1075 1320 1116 ubi
1356 1088 1471 1128 prae-
1488 1081 1660 1147 ffig‘tssffig

210 1141 332 1194 cepit
366 1146 412 1183 et
441 1142 607 1183 statuit
640 1141 816 1182 firmam
849 1153 1009 1196 pacem
1031 1140 1216 1182 ‘servari
1244 1141 1291 1182 in
1328 1154 1470 1195 regno
1488 1133 1551 1174 Oct'·
1566 1149 1608 1174 ¹³-
1662 1133 1669 1146 ’

209 1220 294 1248 suo
333 1212 448 1257 toto,
486 1213 533 1249 et
565 1208 686 1261 quod
725 1212 952 1249 statutum
990 1206 1296 1257 wincestriae,
1332 1220 1472 1261 super

208 1274 440 1315 communi
461 1286 576 1327 pace
610 1273 799 1324 editum,
821 1273 870 1314 in
899 1274 1110 1315 omnibus
1141 1272 1237 1314 suis
1263 1272 1471 1315 articulis

208 1344 487 1381 servaretur.
524 1339 768 1381 Ordinavit
784 1352 967 1394 quoque
985 1339 1105 1381 diem
1122 1339 1373 1393 sepulturae
1386 1351 1469 1394 pa—
1488 1346 1608 1372 Edward
1621 1346 1645 1373 ¹-

1487 1380 1511 1404 iu
1529 1379 1627 1405 buried
1640 1382 1669 1405 at

208 1405 291 1447 tris
307 1405 393 1455 sui,
407 1405 527 1447 diem
544 1405 721 1447 scilicet
736 1405 932 1448 Veneris
946 1406 1157 1459 ¹proxime
1177 1410 1285 1447 ante
1300 1405 1469 1448 festum
1486 1413 1657 1478 ἕξεὲιξίἓιζ

209 1471 425 1512 Omnium
485 1471 757 1514 Sanctorum
777 1484 788 1523 ;
850 1471 907 1513 ad
961 1485 1100 1525 quam
1159 1477 1470 1514 convenerunt
1486 1464 1547 1505 005—
1563 1478 1605 1504 2⁷·
1655 1464 1662 1477 ’

206 1537 338 1578 multi
373 1542 615 1590 magnates
655 1538 893 1591 utriusque
931 1542 1065 1580 terrae
1101 1542 1148 1578 et
1181 1537 1468 1579 diversarum

206 1603 456 1656 regionum.
532 1603 872 1657 Requievitque
917 1616 1085 1657 corpus
1135 1603 1284 1656 prima
1334 1609 1469 1645 nocte

205 1669 253 1710 in
276 1668 471 1710 ecclesia
494 1669 677 1710 Sanctae
701 1668 960 1719 Trinitatis,
982 1669 1184 1711 secunda
1206 1681 1313 1711 vero
1334 1675 1469 1711 nocte

205 1735 251 1776 in
285 1735 480 1776 ecclesia
517 1735 640 1776 beati
680 1734 834 1785 Pauli,
869 1739 915 1776 et
950 1735 1088 1777 tertia
1124 1734 1197 1776 die
1228 1735 1466 1777 defereba-

205 1806 281 1842 tur
303 1800 360 1842 ad
389 1801 605 1842 ecclesias
635 1800 827 1842 fratrum
850 1801 1084 1842 Minorum
1111 1806 1157 1842 et
1184 1801 1468 1843 Praedicato-

205 1880 320 1917 rum,
342 1867 418 1908 ubi
439 1867 590 1908 missis
613 1866 799 1917 auditis,
816 1867 1070 1909 ducebatur
1091 1867 1139 1908 in
1159 1880 1296 1908 curru
1320 1867 1379 1908 ad
1399 1867 1467 1909 lo-

204 1946 308 1974 cum
332 1946 466 1974 suum
487 1932 966 1983 Westmonasterium,
991 1934 1070 1974 ubi
1092 1934 1140 1974 in
1168 1933 1418 1974 crastinum
1440 1947 1469 1975 a

204 1999 406 2053 quinque
423 1998 648 2053 episcopis
657 1999 858 2052 quinque
874 1999 1039 2040 missas
1053 1998 1214 2040 habuit
1227 1999 1469 2050 solemnes,

205 2070 374 2118 praeter
404 2065 588 2106 missam
621 2065 868 2106 cardinalis
895 2064 1155 2118 Hispaniae,
1180 2063 1258 2117 qui
1288 2077 1468 2106 summo

203 2143 337 2171 mane
359 2143 442 2183 pro
463 2144 517 2171 eo
537 2129 802 2171 celebravit.
868 2130 1089 2171 Ultimam
1103 2135 1256 2171 autem
1279 2129 1467 2171 missam

202 2196 452 2238 celebravit
488 2195 751 2249 patriarcha
795 2194 825 2236 J
829 2195 1214 2245 erosolimitanus,
1246 2195 1326 2249 qui
1367 2200 1466 2238 erat

203 2261 528 2304 Dunolmensis
580 2261 838 2315 episcopus,
880 2266 927 2303 et
972 2260 1168 2303 officium
1218 2261 1467 2315 sepulturae

202 2327 395 2383 peregit.
457 2327 696 2381 Erantque
734 2326 930 2368 ministri
965 2327 1066 2381 ejus
1105 2327 1162 2368 ad
1196 2327 1342 2368 altare
1375 2327 1466 2369 duo

196 2480 268 2511 The
299 2479 446 2519 prelates
474 2478 512 2509 of
539 2477 607 2509 this
636 2487 693 2509 see
724 2486 813 2510 were
847 2477 950 2509 dated
974 2480 1009 2509 at
1037 2477 1206 2518 Tinwald,
1241 2479 1380 2518 August
1410 2480 1464 2510 30.

198 2527 288 2559 often
303 2525 414 2566 styled
437 2525 459 2542 “
472 2524 623 2564 episcopi
639 2524 780 2556 Cestriae
793 2524 813 2539 '’
848 2524 983 2564 Rymer,
993 2523 1150 2564 Foedera,
1160 2524 1195 2556 ii.
1205 2526 1239 2557 4.
1270 2524 1327 2556 He
1339 2524 1467 2564 shortly

200 2574 245 2612 by
266 2572 322 2604 the
338 2572 472 2603 ancient
492 2571 635 2610 writers,
655 2570 742 2601 until
757 2570 813 2602 the
846 2570 931 2601 after
961 2570 1118 2610 resigned
1151 2569 1204 2601 his
1242 2571 1468 2610 commissum,

199 2619 346 2650 erection
361 2617 399 2649 of
409 2617 465 2649 the
480 2618 580 2648 latter
595 2617 692 2656 place
708 2617 777 2647 into
793 2626 814 2647 a
847 2616 958 2647 which
994 2625 1065 2647 was
1102 2615 1181 2648 then
1215 2616 1388 2648 conferred
1424 2626 1467 2647 on

199 2665 369 2704 bishopric
385 2664 428 2703 by
446 2663 564 2702 Henry
579 2663 683 2695 VIII.
847 2662 950 2702 John,
990 2662 1070 2693 Earl
1107 2662 1145 2694 of
1187 2662 1386 2702 Richmond,
1423 2663 1468 2702 by

248 2710 256 2729 ¹
279 2711 350 2742 The
368 2710 461 2750 King
476 2709 658 2749 appointed
677 2709 816 2748 Aylmer
850 2709 925 2739 writ
940 2709 978 2740 of
1000 2709 1103 2748 Privy
1121 2709 1211 2750 Seal,
1227 2709 1366 2749 bearing
1388 2709 1466 2740 date

199 2757 241 2788 ‹le
258 2757 404 2788 Valence
420 2756 585 2796 guardian
608 2756 674 2786 and
698 2755 814 2786 licum>
849 2755 1044 2794 September
1060 2757 1111 2786 13.
1158 2753 1294 2796 Rymer,
1311 2755 1467 2795 Foedera,

198 2806 278 2834 nant
293 2803 331 2834 of
343 2802 498 2834 Scotland
516 2802 559 2841 by
572 2801 686 2833 letters
701 2804 815 2841 patent
850 2801 885 2832 ii.
903 2803 935 2832 6.
