2038 3306
378 451 498 478 Edvurd
511 451 535 478 1.

371 487 408 512 A.
417 486 452 511 D.
466 486 542 511 1298.

355 540 449 566 natue
461 540 492 565 os

359 573 484 599 Falkirk.

346 2025 484 2057 ruesday,

346 2059 413 2090 July
428 2060 470 2083 22.

571 327 656 369 178
1053 337 1332 369 οΗηοΝιοοΝ

570 444 770 486 venisset
789 443 834 484 in
855 455 983 484 mora
1002 443 1116 484 citra
1142 443 1417 493 Linliscoch,
1442 448 1828 497 pernoctaverunt

570 510 751 559 ibidem,
787 514 834 550 et
873 509 1216 562 requiescebant
1244 510 1289 550 in
1325 515 1462 560 terra,
1505 514 1827 563 componentes

570 580 702 617 scuta
736 588 819 629 pro
850 575 1152 616 cervicalibus
1181 580 1228 616 et
1259 588 1343 628 pro
1381 575 1653 617 lectualibus
1684 588 1826 616 arma.

571 642 691 695 Equi
732 642 871 683 etiam
912 641 983 681 sui
1024 653 1112 681 non
1153 641 1406 693 gustabant
1446 641 1690 694 quicquam
1739 640 1828 681 nisi

570 707 739 748 ferrum
776 707 955 756 durum,
988 707 1352 759 tenebanturque
1381 705 1550 758 singuli
1577 706 1720 760 juxta
1748 705 1828 746 do-

571 773 716 814 minos
740 777 753 794 ‘
770 770 934 814 suos.’¹
984 772 1200 825 Dumque
1222 776 1498 825 pausassent
1520 771 1763 820 modicum,
1781 776 1827 812 et

571 851 664 879 nox
704 838 837 893 quasi
880 839 926 879 in
968 851 1053 879 suo
1094 837 1242 879 medio
1280 837 1595 890 processisset,
1633 836 1827 888 contigit

571 904 691 958 quod
728 904 989 946 dextrarius
1019 904 1140 956 regis
1171 903 1398 944 incautius
1433 916 1459 944 a
1496 915 1641 956 parvo
1677 906 1829 943 custo-

571 970 708 1019 ditus,
748 969 1077 1011 recalcitrando
1110 969 1269 1022 pedem
1311 968 1466 1022 posuit
1502 981 1639 1021 super
1677 968 1827 1020 ipsum

570 1048 722 1088 regem
732 1033 1078 1089 quiescentem.²
1121 1035 1183 1075 Et
1198 1034 1355 1075 audito
1369 1034 1470 1083 hoc,
1485 1047 1637 1087 regem
1652 1033 1827 1074 scilicet

568 1114 670 1142 esse
706 1100 881 1151 laesum,
917 1101 1070 1142 statim
1108 1100 1313 1141 ascendit
1346 1100 1519 1140 clamor
1558 1099 1826 1140 seditionem

568 1166 681 1216 fieri,
703 1171 749 1208 et
779 1166 934 1208 hostes
966 1179 1066 1207 esse
1087 1170 1275 1219 paratos
1297 1165 1353 1205 ad
1377 1164 1636 1205 irruendum
1658 1164 1705 1204 in
1729 1176 1823 1204 eos.

568 1231 662 1282 Qui
682 1233 897 1273 continuo
917 1235 1196 1285 paraverunt
1216 1243 1281 1279 se,
1303 1234 1349 1271 et
1368 1230 1425 1271 ad
1444 1228 1826 1282 congrediendum

566 1297 756 1338 animati
777 1302 900 1338 sunt.
971 1296 1169 1349 Cognita
1189 1302 1342 1336 tamen
1364 1295 1429 1336 rei
1448 1295 1580 1344 serie,
1604 1299 1649 1336 et
1671 1307 1824 1347 regem

565 1362 791 1403 modicum
818 1375 918 1403 esse
952 1362 1127 1411 laesum,
1160 1361 1553 1414 compatiebantur
1589 1361 1648 1410 ei,
1679 1372 1726 1402 et
1755 1374 1825 1402 re-

565 1428 738 1480 quievit
777 1428 966 1481 spiritus
1005 1441 1177 1469 eorum.
1254 1427 1512 1480 Statimque
1550 1426 1823 1468 ascendente

563 1506 686 1546 rege,
712 1493 905 1547 profecti
938 1499 1047 1535 sunt
1078 1498 1124 1534 et
1156 1493 1437 1534 transierunt
1459 1493 1612 1533 villam
1634 1492 1689 1533 de
1712 1492 1821 1533 Lin-

565 1559 733 1600 liscoch
755 1560 801 1600 in
823 1571 990 1600 aurora
1011 1559 1114 1600 diei.
1166 1558 1375 1611 Cumque
1396 1559 1627 1599 levassent
1648 1558 1820 1608 oculos,

563 1629 609 1665 et
641 1625 687 1665 in
723 1625 984 1678 oppositum
1014 1629 1215 1665 montem
1250 1623 1572 1677 respexissent,
1610 1623 1822 1665 viderunt

564 1689 611 1729 in
633 1690 876 1743 supercilio
904 1690 1072 1730 montis
1102 1689 1356 1730 lancearios
1385 1689 1569 1730 multos.
1640 1689 1700 1730 Et
1724 1702 1821 1730 cre·

565 1755 723 1796 dentes
772 1756 835 1796 ibi
887 1768 988 1796 esse
1029 1755 1270 1796 Scotorum
1315 1755 1582 1804 exercitum,
1631 1755 1820 1796 festina-

564 1826 730 1863 verunt
767 1822 1011 1862 ascendere
1050 1834 1131 1874 per
1167 1826 1341 1862 turmas
1383 1833 1508 1870 suaS,
1547 1820 1627 1862 sed
1669 1826 1821 1862 tamen

563 1886 727 1928 ibidem
777 1887 1012 1928 venientes
1047 1887 1273 1927 neminem
1322 1886 1609 1928 invenerunt.
1681 1886 1819 1928 Fixe-

564 1957 762 2006 runtque
811 1953 1055 1993 tentorium
1112 1952 1189 2001 ibi,
1245 1956 1292 1993 et
1340 1952 1582 1993 audierunt
1635 1953 1820 1994 missam

565 2017 857 2070 Magdalenae
891 2031 973 2059 rex
1010 2023 1056 2059 et
1090 2018 1345 2071 episcopuS,
1376 2023 1476 2058 erat
1505 2018 1622 2058 enim
1653 2017 1818 2059 festum

563 2083 765 2138 ejusdem
804 2083 907 2124 diei.
978 2083 1194 2136 Dumque
1227 2087 1520 2124 sacrosancta
1556 2083 1717 2124 fierent
1747 2097 1820 2125 so-

561 2149 744 2197 lemnia,
768 2155 814 2190 et
836 2153 993 2190 mutuo
1028 2162 1078 2190 se
1111 2161 1387 2202 cognoscere
1407 2154 1595 2202 possent
1614 2149 1819 2191 homines

561 2228 620 2255 ex
647 2215 771 2256 clara
804 2215 922 2265 luce,
951 2214 1161 2256 viderunt
1196 2215 1341 2256 nostri
1378 2214 1541 2256 Scotos
1576 2227 1605 2256 a
1634 2215 1820 2257 remotis

561 2280 680 2322 bella
726 2285 1002 2330 construere,
1051 2285 1098 2322 et
1150 2280 1361 2322 ordinare
1404 2292 1454 2321 se
1495 2280 1552 2321 ad
1603 2293 1816 2334 pugnam.

559 2346 828 2388 Statuerunt
856 2346 973 2387 enim
1003 2345 1128 2387 Scoti
1158 2358 1333 2387 omnem
1371 2345 1547 2399 plebem
1578 2358 1708 2387 suam
1739 2359 1821 2399 per

557 2416 730 2453 turmas
771 2416 984 2466 quatuor,
1024 2411 1069 2452 in
1115 2411 1299 2452 modum
1342 2411 1616 2452 circulorum
1660 2417 1818 2453 rotun-

557 2477 734 2527 dorum,
778 2478 823 2519 in
872 2489 1035 2530 campo
1084 2476 1214 2526 duro,
1260 2481 1307 2518 et
1355 2477 1402 2517 in
1450 2477 1621 2518 ‘latere
1667 2476 1818 2518 uno’³

604 2629 612 2648 ¹
637 2632 835 2672 ‘singulos,¹
852 2632 952 2664 MSS.
965 2632 1089 2664 Lansd.
1102 2633 1169 2664 and
1202 2632 1294 2672 dent,
1319 2631 1386 2663 and
1412 2631 1484 2663 that
1509 2634 1576 2662 two
1601 2632 1640 2663 of
1665 2632 1718 2664 his
1747 2633 1817 2664 ribs

555 2676 761 2717 Cott.Vesp.
1202 2687 1291 2709 were
1326 2677 1508 2709 fractured.
1572 2678 1817 2719 Walsingham,

599 2720 612 2738 ²
634 2723 742 2754 Other
763 2723 943 2755 historians
971 2724 1075 2755 relate
1097 2722 1170 2754 that
1202 2727 1264 2762 ⁷53
1290 2724 1373 2755 Nic.
1387 2724 1513 2763 Trivet,
1530 2725 1606 2755 372.

556 2767 647 2808 King
668 2769 816 2799 Edward
832 2779 905 2800 was
928 2770 962 2800 in
985 2770 1041 2800 the
1065 2773 1120 2800 act
1134 2769 1173 2800 of
1247 2768 1261 2787 ³
1283 2770 1408 2801 ‘latere
1434 2779 1500 2800 uno
1523 2770 1702 2809 cujusdam
1725 2780 1818 2802 mon·

554 2814 725 2854 mounting
740 2818 774 2845 at
789 2815 844 2846 the
860 2816 939 2847 time
950 2815 988 2847 of
999 2816 1066 2847 this
1078 2816 1167 2847 acci·
1200 2815 1341 2856 tiscilii:
1357 2815 1433 2847 MS.
1451 2815 1537 2847 coll.
1553 2815 1646 2848 Tria.
