2038 3306
501 317 589 359 284
986 327 1267 359 canonicos

297 444 415 470 edward
430 444 469 469 11
501 437 547 473 et
582 431 788 485 personis
815 431 961 484 ipsius
996 432 1054 472 ab
1090 432 1344 486 apostolica
1374 431 1483 474 sede
1515 434 1758 482 concessis,

286 477 582 564 Βῖιῗοΐιῗέρεροι·
623 510 726 550 quae
757 496 947 537 effectus
987 498 1282 550 praesentium
1317 501 1473 551 posset
1506 499 1757 551 quomodo-

286 564 423 590 Clement
500 564 611 604 libet
633 561 856 615 impediri.
925 561 1061 613 Quod
1085 564 1124 603 si
1148 563 1378 616 praedictis
1404 565 1759 617 contempserint

503 641 783 681 comparere,
803 627 1097 669 nihilominus
1118 634 1281 670 contra
1303 629 1428 681 ipsos
1449 628 1538 670 ad
1527 630 1759 682 inquiren-

502 694 611 734 dum
646 698 691 734 et
733 693 1100 735 sententiandum
1142 706 1224 736 seu
1267 693 1566 736 ordinandum
1600 707 1758 737 eorum

502 759 852 809 contumaciam,
869 759 1024 800 divina
1043 759 1246 812 replente
1266 759 1525 813 praesentia,
1541 759 1755 813 procede-

504 831 592 875 tur,
630 825 802 878 negotii
838 825 1078 878 qualitate,
1108 825 1294 879 justitia
1328 829 1374 866 et
1393 825 1620 878 aequitate
1648 838 1758 879 pen-

502 891 631 935 satis.
703 890 769 932 Ut
794 895 962 933 autem
1003 890 1264 944 hujusmodi
1305 895 1464 933 nostra
1498 890 1654 932 citatio
1699 890 1756 932 ad

502 969 787 1000 communem
807 957 1006 998 omnium
1036 958 1330 1010 personarum
1357 956 1566 1010 pr'aedicti
1586 956 1759 997 ordinis

504 1022 715 1064 notitiam
755 1021 1021 1072 deducatur,
1061 1035 1162 1063 eam
1202 1023 1248 1063 in
1290 1023 1463 1076 palatio
1505 1022 1758 1075 apostolico

503 1088 698 1141 publice,
731 1092 957 1141 praesente
990 1087 1189 1129 fidelium
1228 1088 1518 1129 multitudine
1555 1088 1758 1141 copiosa,

504 1158 551 1194 et
587 1155 632 1195 in
663 1153 896 1194 audientia
928 1153 1112 1206 publica
1138 1153 1227 1206 legi
1250 1158 1296 1194 et
1320 1153 1559 1207 publicari,
1582 1165 1756 1194 necnon

502 1218 686 1260 chartas
725 1224 772 1259 et
811 1220 1116 1268 membranas,
1163 1219 1426 1260 citationem
1473 1218 1757 1260 continentes

501 1284 709 1333 eandem,
728 1284 774 1324 in
799 1284 986 1338 majoris
1007 1284 1210 1325 ecclesiae
1235 1283 1458 1326 Pictaviae
1480 1283 1603 1337 affigi
1626 1285 1759 1326 ostiis

502 1363 584 1392 seu
620 1363 758 1403 super
790 1349 1073 1391 liminaribus
1106 1350 1340 1402 faciemus,
1362 1363 1465 1403 quae
1494 1350 1756 1391 citationem

502 1416 647 1468 ipsam
676 1416 742 1456 sic
785 1416 917 1468 quasi
948 1428 1112 1457 sonoro
1156 1416 1384 1469 praeconio
1416 1423 1462 1458 et
1496 1415 1656 1469 patulo
1688 1416 1757 1456 in-

503 1481 622 1523 dicio
657 1482 972 1535 publicabunt,
996 1482 1062 1523 ita
1083 1481 1204 1535 quod
1236 1482 1313 1533 hii,
1338 1494 1452 1535 quos
1476 1481 1634 1523 citatio
1657 1482 1758 1536 ipsa

502 1548 755 1600 continget,
806 1547 977 1588 nullam
1027 1549 1205 1601 possint
1248 1548 1591 1588 excusationem
1639 1560 1758 1601 prae-

503 1613 687 1654 tendere
712 1613 834 1666 quod
858 1613 915 1654 ad
943 1626 1020 1654 eos
1048 1614 1154 1654 talis
1185 1613 1343 1655 citatio
1364 1625 1454 1654 non
1485 1614 1758 1666 pervenerit,

503 1678 576 1719 vel
598 1679 719 1732 quod
747 1679 1062 1732 ignoraverint
1097 1679 1299 1728 eandem,
1321 1692 1424 1720 cum
1445 1691 1536 1720 non
1557 1679 1616 1720 sit
1639 1679 1759 1720 veri-

503 1744 651 1786 simile
692 1758 925 1786 remanere
974 1745 1126 1798 quoad
1174 1745 1299 1798 ipsos
1352 1745 1633 1798 incognitum
1683 1746 1757 1786 vel

503 1810 733 1853 occultum
754 1811 875 1864 quod
898 1815 994 1853 tam
1021 1815 1231 1864 patenter
1252 1811 1462 1852 omnibus
1485 1810 1757 1863 publicetur.

289 1889 444 1921 Thursday,
504 1876 681 1917 Datum
723 1876 928 1918 Pictavis
968 1887 1031 1918 v1.
1066 1877 1169 1917 idus
1208 1873 1428 1929 Augusti,
1458 1876 1757 1929 pontificatus

289 1922 363 1954 ’Μ’
377 1923 402 1947 s.
504 1942 649 1983 nostri
665 1955 786 1983 anno
802 1942 984 1983 tertio.''
1021 1942 1267 1995 Lectisque
1282 1942 1347 1982 sic
1359 1941 1497 1982 bullis
1513 1942 1759 1995 praedictis,

504 2007 673 2062 adjecit
707 2007 1077 2061 archiepiscopus
1113 2007 1234 2062 quod
1270 2020 1298 2048 a
1336 2012 1630 2060 procuratore
1657 2021 1759 2059 suo,

505 2073 550 2114 in
597 2074 724 2114 curia
763 2074 975 2115 Romana
1013 2074 1281 2123 constituto,
1319 2073 1478 2115 literas
1517 2079 1760 2126 acceperat

501 2144 651 2180 certas
691 2139 762 2180 die
801 2139 1012 2193 proximo
1048 2139 1350 2193 praecedente,
1390 2139 1510 2192 quod
1547 2139 1758 2181 dominus

502 2217 639 2258 papa,
695 2205 751 2247 de
802 2206 994 2247 consilio
1043 2205 1342 2247 cardinalium
1399 2218 1600 2255 suorum,
1652 2219 1758 2259 pro-

501 2270 772 2324 longaverat
804 2284 950 2324 usque
982 2272 1030 2313 in
1060 2284 1229 2312 annum
1260 2276 1540 2324 sequentem,
1573 2277 1760 2325 propter

506 2337 628 2390 quod
651 2336 821 2378 dimisit
842 2350 1214 2391 unumquemque
1235 2337 1283 2377 in
1302 2337 1452 2378 locum
1474 2349 1620 2378 suum.

288 2418 460 2443 A.D.1311.
570 2403 743 2444 Eodem
775 2415 894 2444 anno
922 2404 1034 2444 obiit
1065 2416 1216 2446 eomes
1257 2402 1592 2444 Lincolniensis
1630 2402 1759 2444 Hen-

287 2462 455 2521 {iffifflfof
503 2468 640 2518 ricus,
662 2469 737 2510 cui
769 2469 993 2510 successit
1013 2469 1108 2510 filia
1135 2481 1219 2510 sua
1246 2467 1415 2518 unica,l
1447 2481 1584 2520 quam
1608 2481 1758 2509 comes

290 2527 417 2558 Li¹¹⁶⁰¹¹¹¹
502 2534 557 2574 de
581 2535 848 2577 Lancestria
873 2535 1071 2576 duxerat
1106 2535 1153 2576 in
1187 2547 1394 2583 uxorem,
1430 2538 1476 2574 et
1507 2534 1572 2574 sic
1606 2546 1757 2575 accre-

502 2606 665 2642 verunt
696 2601 736 2642 ei
767 2601 859 2642 duo
894 2601 1140 2643 comitatus
1167 2613 1270 2641 cum
1297 2600 1466 2642 honore
1498 2599 1554 2641 de
1589 2599 1759 2640 Ponte-

2017 2293 2038 2326 ε
2019 2244 2038 2286 :t-ze

547 2719 557 2738 ¹
581 2721 662 2752 This
673 2721 752 2760 lady
762 2720 941 2753 wasAlice
954 2721 996 2752 de
1007 2721 1111 2760 Lacy,
1145 2720 1223 2760 and,
1248 2720 1334 2751 aster
1358 2719 1411 2751 his
1435 2719 1589 2760 decease,
1615 2721 1759 2752 married
2036 2735 2038 2737 ·

499 2766 575 2797 who
591 2768 758 2806 espoused
771 2767 915 2798 Thomas
932 2767 1112 2806 Plantage-
1146 2766 1279 2798 Eubold
1294 2766 1325 2798 le
1342 2766 1494 2806 Strange.
2018 2754 2038 2801 ἶ

498 2815 566 2853 net,
582 2813 661 2844 Earl
686 2813 723 2844 of
744 2814 936 2854 Lancaster,
955 2814 990 2844 in
1014 2815 1110 2854 1311,
