2038 3306
335 439 454 465 Edward
474 439 531 465 111.

352 473 388 498 A.
401 473 519 499 Dassa.

332 637 394 662 The
406 636 514 662 French

333 673 449 699 retreat,
463 672 512 694 not

334 703 443 734 rinking
455 709 491 727 an

334 738 530 768 engagement.

338 1361 457 1387 Edward

337 1399 450 1420 returns
461 1396 490 1419 to

338 1428 474 1460 England.

338 1658 405 1683 Bull
416 1657 447 1683 of
463 1657 536 1689 Pope

339 1690 483 1720 Benedict,

338 1724 455 1755 offering
467 1723 511 1749 his

339 1756 502 1782 mediation.

545 312 632 355 348
770 294 775 298 ⁹
1038 321 1099 351 cn
1108 320 1314 351 aomoon

546 431 726 480 gentem
778 429 982 467 nostram
1037 423 1307 474 interficere,
1360 423 1494 466 villas
1546 423 1800 472 incendere,

545 498 699 534 castra
738 497 1043 545 prosternere,
1083 494 1130 531 et
1164 494 1326 531 contra
1358 490 1476 531 vires
1506 489 1712 531 Franciae
1753 494 1799 530 et

545 559 644 613 ejus
675 557 926 611 potentiam
962 556 1011 596 in
1041 567 1203 608 campo
1234 554 1293 596 ad
1325 555 1621 609 pugnandum
1651 554 1800 596 adhuc

544 622 803 665 resistere.’'
872 621 1006 663 Tunc
1056 633 1138 662 rex
1186 620 1396 662 Franciae
1444 633 1526 674 per
1583 620 1798 662 Sanctum

545 688 805 731 Dionisium
839 687 1104 742 juramento
1149 685 1364 736 firmavit,
1407 685 1528 739 quod
1568 686 1675 727 licet
1717 698 1800 726 rex

546 754 728 808 Angliae
752 758 934 807 gentem
956 765 1088 794 suam
1118 751 1375 793 confusioni
1394 764 1624 805 exponere
1647 751 1801 800 vellet,

546 821 643 874 ipse
670 826 840 870 tamen,
871 831 975 860 cum
1005 830 1159 859 coram
1194 817 1296 859 Deo
1326 830 1409 871 pro
1442 822 1573 859 tanta
1604 817 1802 858 stultitia

546 885 855 940 responderet,
879 884 1140 926 nullatenus
1161 883 1247 924 hoc
1268 883 1452 925 faceret.
1522 887 1551 905 “
1567 882 1655 924 Sed
1677 883 1804 924 rede-

547 952 724 1001 amus,”
744 951 909 1004 inquit,
931 953 961 972 “
979 955 1026 991 et
1056 963 1140 1003 pro
1170 948 1406 991 voluntate
1439 954 1597 991 nostra
1623 949 1738 990 alias
1760 948 1802 989 ei

547 1018 709 1059 melius
752 1017 938 1059 obviare
983 1015 1246 1057 debemus.”
1317 1014 1524 1068 Cumque
1567 1015 1624 1056 ad
1668 1027 1802 1055 aures

548 1085 670 1137 regis
709 1081 892 1135 Angliae
930 1081 1228 1135 pervenisset,
1271 1080 1479 1122 militiam
1520 1079 1803 1122 Gallicorum

548 1150 615 1190 sic
639 1147 1174 1201 regressam,mirabatur
1195 1146 1243 1186 in
1264 1145 1532 1186 immensum
1548 1145 1669 1198 quod
1691 1158 1803 1198 gens

549 1215 607 1256 ab
629 1214 818 1266 antiquo
849 1218 942 1254 tam
967 1212 1160 1261 famosa,
1182 1211 1504 1252 conventiones
1534 1211 1679 1252 literis
1710 1210 1805 1251 suis

549 1278 799 1320 affirmatas
822 1292 910 1319 non
933 1282 1181 1319 servasset.
1237 1276 1468 1329 Regresso
1483 1276 1641 1330 itaque
1660 1289 1806 1329 usque

549 1345 608 1386 ad
665 1344 883 1386 Sanctum
942 1342 1214 1394 Quintinum
1273 1355 1381 1395 rege
1435 1342 1659 1392 Franciae,
1722 1355 1806 1384 rex

551 1410 734 1464 Angliae
756 1410 847 1451 cito
871 1414 977 1463 post
997 1409 1042 1450 in
1068 1408 1284 1462 Angliam
1309 1407 1653 1450 transfretavit.¹

597 1550 786 1602 Qualiter
806 1550 935 1605 Papa
955 1549 1033 1592 cito
1046 1554 1143 1605 post
1164 1549 1244 1591 kaec
1271 1549 1437 1605 scripsit
1457 1549 1561 1606 Reyi
1580 1548 1758 1606 Anyliae.

622 1664 922 1707 Benedictus²
955 1665 1212 1718 episcopus,
1242 1676 1403 1705 servus
1435 1674 1670 1704 servorum
1704 1663 1810 1713 Dei,

554 1730 790 1772 carissimo
820 1731 869 1771 in
905 1729 1089 1772 Christo
1123 1729 1217 1770 filio
1239 1729 1480 1778 Edwardo,
1503 1729 1601 1782 regi
1625 1727 1808 1782 Angliae

555 1796 738 1846 illustri,
779 1796 974 1837 salutem
1007 1800 1053 1837 et
1092 1794 1391 1848 apostolicam
1430 1794 1808 1836 benedictionem.

558 1861 680 1903 Dum
721 1862 963 1915 diligenter
999 1861 1293 1909 attendimus,
1333 1865 1379 1901 et
1412 1859 1649 1913 profundis
1686 1861 1812 1913 cogi-

557 1927 807 1968 tationibus
839 1927 1128 1975 meditamur,
1164 1930 1338 1979 quanta
1375 1925 1539 1966 summi
1570 1930 1617 1966 et
1651 1927 1811 1967 aeterni

558 1992 703 2045 Regis
723 1993 860 2038 fuerit
880 1992 1140 2044 benignitas
1165 1996 1211 2032 et
1228 1986 1809 2032 misericordissimae'afflu-

557 2059 680 2099 entia
720 2058 923 2111 pietatis,
958 2057 1082 2110 quod
1118 2057 1292 2110 pridem
1328 2057 1435 2107 tuis,
1460 2057 1693 2097 carissime
1727 2056 1809 2107 fili,

557 2128 602 2164 et
642 2124 866 2165 carissimi
905 2124 952 2165 in
996 2122 1179 2165 Christo
1217 2121 1387 2164 ‘filii’³
1432 2122 1577 2164 nostri
1617 2122 1809 2164 illustris

563 2187 765 2231 Franciae
807 2189 928 2242 regis
979 2188 1170 2243 ejusque
1212 2188 1548 2241 colligatorum,
1589 2188 1812 2230 ordinatis

557 2255 756 2305 aciebus,
773 2260 818 2296 et
834 2254 1028 2296 multum
1046 2268 1104 2295 ex
1124 2254 1380 2307 propinquo
1397 2254 1454 2295 ad
1473 2253 1810 2307 confligendum

559 2320 821 2362 terribiliter
863 2326 909 2362 et
957 2320 1159 2361 animose
1196 2319 1431 2372 dispositis
1471 2319 1576 2360 hinc
1618 2324 1664 2360 et
1706 2320 1811 2361 inde

556 2391 714 2427 secuta
735 2400 826 2428 non
847 2386 1108 2427 exstiterint
1119 2385 1339 2438 pericula,
1352 2398 1455 2438 quae
1475 2391 1631 2427 tantus
1654 2385 1812 2438 fragor

557 2464 784 2493 armorum
839 2458 885 2493 et
946 2456 1223 2493 armatorum
1281 2451 1478 2504 impetus
1527 2451 1811 2502 minabatur3

557 2517 717 2558 Eidem
741 2517 927 2558 laudum
960 2517 1240 2558 exsolvimus
1265 2517 1508 2570 praeconia,
1531 2530 1632 2558 cum
1657 2522 1703 2558 et
1726 2516 1812 2558 hoc

604 2642 613 2661 ¹
639 2641 786 2672 Edward
798 2640 1000 2672 returnedto
1015 2640 1169 2680 England
1204 2640 1335 2679 printed
1359 2641 1392 2671 in
1418 2640 1571 2680 Rymer's
1597 2640 1754 2680 Foedera,
1778 2641 1815 2673 ii.

557 2696 598 2717 on
625 2687 680 2717 the
706 2689 782 2718 2lst
804 2686 842 2718 of
864 2686 1048 2726 February,
1074 2688 1169 2719 1340.
1204 2688 1300 2725 1103,
1315 2685 1398 2717 from
1415 2686 1492 2717 MS.
1507 2685 1595 2718 Cott.
1613 2686 1703 2717 Otho
1719 2686 1813 2718 D.ii.

559 2732 695 2772 Rymer,
710 2733 867 2772 Foedera,
879 2732 915 2764 ii.
934 2734 1027 2763 1115.
1202 2732 1313 2763 which
1330 2732 1536 2772 manuscript
1551 2732 1580 2763 is
1595 2741 1671 2763 now
1686 2732 1762 2764 lost.

603 2779 615 2796 ²
643 2779 673 2808 A
704 2788 788 2818 copy
819 2778 857 2809 of
882 2778 949 2809 this
979 2779 1167 2814 document,

557 2824 748 2863 containing
773 2825 900 2855 several
926 2824 1117 2864 variatione,
1139 2826 1167 2855 is
1247 2822 1259 2840 ³
1274 2823 1439 2863 supplied
1449 2823 1531 2855 from
1543 2824 1619 2855 MS.
1635 2824 1814 2857 Har1.655.
