2038 3306
550 316 636 359 136
1037 325 1312 358 onnomcon

353 445 472 471 nonme
486 445 510 470 1.
553 444 602 473 se
623 436 669 473 et
691 431 737 472 in
759 430 881 472 facto
906 429 1126 483 praedicto
1147 435 1194 472 et
1215 430 1336 484 quod
1367 437 1549 484 gentem
1581 429 1809 484 propriam

346 478 516 504 A'D‘¹²⁹⁷'
547 496 800 552 justificare
827 509 917 537 non
946 500 1150 549 possent,
1177 496 1378 538 dicentes
1405 509 1455 538 se
1485 509 1574 537 non
1597 508 1732 550 posse
1752 495 1811 536 ab

336 544 474 610 ξέἷῖἷῖἶὲί
555 564 620 604 eis
660 563 833 616 eripere
871 574 954 603 nec
993 574 1137 615 equos
1171 575 1255 603 nec
1294 574 1435 603 arma.
1506 562 1813 603 Mittebantur

556 630 693 670 etiam
708 628 889 669 interim
913 627 1004 669 duo
1025 627 1189 669 fratres
1207 627 1538 669 Praedicatores
1559 627 1617 668 ad
1638 627 1812 668 exerci-

556 701 654 736 tum
681 693 937 744 Scotorum,
957 693 1036 748 qui
1063 693 1111 734 in
1142 693 1289 735 altera
1318 698 1450 746 parte
1479 692 1645 733 montis
1675 704 1815 745 supra

556 760 882 802 monasterium
916 759 972 801 de
1003 757 1361 814 Skambskynel¹
1393 771 1497 800 cum
1525 758 1605 799 illo
1634 757 1814 799 latrone

555 825 789 868 Willelmo
810 825 1003 879 NValays
1034 825 1262 874 latitabat,
1299 825 1338 866 si
1371 824 1490 866 forte
1523 836 1680 877 pacem
1717 835 1813 865 am·

558 892 696 946 plecti
744 891 915 933 vellent
964 904 1101 944 quam
1149 891 1412 932 tendebant.
1481 888 1555 931 Ad
1597 890 1696 930 haec
1738 888 1816 930 ille

557 958 691 1007 latro,
726 957 1100 1007 “Renunciate‚”
1134 957 1299 1010 inquit,
1330 956 1535 998 “vestris
1570 955 1690 1010 quod
1734 967 1816 1008 pro

558 1025 677 1065 bono
715 1023 841 1076 pacis
877 1035 965 1063 non
1002 1022 1222 1071 venimus,
1258 1022 1336 1063 sed
1376 1022 1525 1076 parati
1565 1033 1724 1063 sumus
1759 1021 1816 1062 ad

559 1101 777 1143 pugnam,
799 1089 854 1131 ad
887 1088 1208 1130 vindicandum
1241 1088 1416 1130 scilicet
1442 1086 1601 1129 ‘nos’⁵z
1632 1092 1678 1128 et
1707 1087 1820 1128 libe-

561 1154 752 1196 randum
777 1167 968 1207 regnum
990 1154 1222 1196 nostrum!
1292 1153 1560 1195 Ascendant
1582 1165 1693 1205 ergo
1716 1165 1819 1193 cum

561 1219 805 1268 voluerint,
831 1224 877 1260 et
898 1232 981 1260 nos
1014 1223 1200 1272 paratos
1226 1219 1458 1260 invenient
1485 1219 1622 1260 etiam
1648 1219 1694 1258 in
1716 1218 1818 1259 bar·

560 1286 644 1327 bas
664 1284 868 1326 eorum.’'
928 1285 1073 1326 Erant
1099 1289 1269 1334 autem,
1291 1289 1342 1325 ut
1365 1284 1617 1334 dicebatur,
1638 1289 1820 1325 centum

561 1350 797 1404 octoginta
826 1355 1075 1403 equestres,
1104 1355 1150 1391 et
1180 1350 1486 1403 quadraginta
1517 1350 1659 1391 millia
1693 1349 1820 1403 pedi-

561 1421 673 1457 tum.
693 1427 695 1429 ’
723 1415 930 1469 Cumque
950 1416 1063 1457 talia
1092 1415 1351 1457 dicerentur
1371 1416 1553 1464 nostris,
1577 1429 1682 1457 mox
1704 1428 1821 1468 prae-

561 1482 818 1535 sumptuosi
848 1482 1075 1532 dicebant,
1099 1480 1453 1523 “Ascendamus
1483 1482 1540 1523 ad
1571 1494 1665 1531 eos,
1686 1480 1820 1522 minae

562 1548 681 1588 enim
689 1547 845 1590 sunt.”
872 1547 1179 1601 Sapientiores
1188 1561 1295 1589 vero
1303 1547 1656 1602 subjunxerunt,
1670 1550 1698 1570 ‘⁴
1712 1547 1757 1588 N
1760 1560 1818 1588 on

562 1613 861 1655 ascendamus
882 1613 1044 1660 adhue,
1067 1613 1146 1654 sed
1177 1613 1365 1667 provide
1391 1613 1690 1655 deliberemus
1711 1613 1819 1666 quid

562 1678 692 1719 nobis
713 1684 725 1703 ⁶
743 1677 1051 1720 consultius’³
1081 1679 1217 1719 fuerit
1246 1679 1558 1720 faciendum.”.
1619 1678 1693 1720 Ad
1725 1679 1822 1720 baec

563 1748 777 1786 strenuus
797 1744 874 1785 ille
893 1744 1023 1786 miles
1041 1744 1268 1786 Ricardus
1291 1745 1470 1799 Lundy,
1488 1746 1565 1798 qui
1585 1758 1634 1786 se
1654 1746 1822 1786 nostris

563 1809 752 1851 dederat
772 1810 894 1864 apud
919 1810 1118 1863 Irewyn,
1139 1810 1366 1851 “Domini
1386 1811 1490 1861 mei,
1511 1811 1549 1852 si
1568 1811 1824 1852 ascenderi-

563 1888 665 1916 mus
711 1882 894 1929 pontem
933 1876 1101 1917 mortui
1132 1889 1303 1925 sumuS‚
1347 1889 1438 1918 non
1471 1878 1592 1918 enim
1630 1877 1823 1918 transire

563 1941 813 1993 poterimus
852 1941 940 1983 nisi
970 1942 1065 1982 bini
1105 1947 1151 1983 et
1190 1942 1300 1992 bini,
1338 1947 1385 1983 et
1424 1942 1579 1984 hostes
1615 1943 1760 1984 nostri
1795 1956 1822 1984 a

562 2006 706 2047 latere
725 2012 847 2056 sunt,
870 2007 1235 2060 descendentque
1264 2020 1401 2062 super
1428 2022 1511 2050 nos
1539 2022 1642 2049 cum
1664 2008 1820 2050 volue-

563 2071 655 2113 rint
689 2085 847 2113 omnes
886 2073 934 2113 in
976 2086 1069 2114 una
1110 2073 1287 2123 fronte;
1339 2074 1417 2115 sed
1469 2080 1539 2116 est
1593 2074 1822 2128 quoddam

563 2137 730 2179 vadum
759 2151 850 2179 non
874 2138 1010 2191 longe
1040 2138 1218 2188 abhinc,
1250 2139 1328 2180 ubi
1350 2141 1546 2182 transire
1575 2140 1824 2194 poterimus

563 2202 718 2244 ‘Lx.’⁴
747 2204 880 2245 simul
910 2204 958 2244 in
985 2218 1077 2246 una
1108 2205 1219 2246 vice.
1290 2205 1427 2247 Nunc
1452 2219 1562 2259 ergo
1589 2206 1826 2248 tradantur

564 2268 674 2310 mihi
710 2270 949 2323 quingenti
981 2275 1217 2324 equestres
1253 2276 1299 2312 et
1342 2272 1521 2314 modica
1555 2285 1662 2326 pars
1702 2272 1824 2325 pedi-

567 2341 679 2384 tum,
713 2336 1071 2390 gyrabimusque
1109 2336 1264 2378 hostes
1295 2350 1324 2378 a
1351 2343 1480 2390 tergo
1505 2344 1552 2380 et
1581 2333 1829 2380 debellabi-

566 2413 666 2441 mus
686 2414 790 2450 eos;
816 2402 1088 2455 interimque
1106 2415 1203 2452 vos,
1221 2403 1401 2444 domine
1421 2417 1588 2453 comes,
1610 2410 1655 2445 et
1675 2405 1828 2445 caeteri

566 2467 644 2518 qui
675 2468 906 2508 vobiscum
936 2472 1060 2518 sunt,
1092 2474 1278 2521 pontem
1310 2470 1564 2511 transibitis
1596 2469 1730 2511 valde
1759 2482 1828 2510 se-

566 2533 709 2573 curi.'’
780 2533 1043 2575 Noluerunt
1070 2538 1223 2575 autem
1255 2547 1369 2575 sano
1397 2535 1687 2588 acquiescere
1720 2548 1829 2576 con-

616 2676 623 2694 ¹
651 2678 791 2709 Written
833 2679 906 2710 also
947 2678 1179 2720 Oamyskynel
1262 2677 1275 2697 ³
1297 2677 1518 2721 ‘consilium‚’
1531 2680 1605 2713 MS.
1620 2681 1706 2712 Coll.
1717 2682 1831 2721 Arm.;

568 2724 632 2754 aud
651 2723 911 2764 Camyskennel.
1214 2725 1224 2743 ⁴
1236 2723 1394 2766 consilii,‘
1413 2726 1487 2759 MS.
1504 2726 1594 2758 Cott.
1611 2727 1687 2760 Tib.

615 2768 627 2785 ²
652 2769 801 2801 Omitted
818 2772 851 2802 in
868 2772 1068 2804 MSS.Coll.
1084 2772 1178 2803 Arm.
1261 2770 1273 2788 ⁴
1298 2773 1307 2789 ‘
1322 2769 1399 2812 xL.,’
1428 2773 1528 2805 MSS.
1555 2773 1734 2806 Cott.'1¹ib.
1762 2775 1828 2806 and

570 2816 633 2845 aud
651 2817 738 2847 Cott.
753 2817 829 2848 Tib.
1216 2818 1305 2850 Cott,
1318 2819 1423 2858 Vesp-
