2038 3306
483 325 709 358 WALTERI
742 326 805 356 DE
836 325 1211 357 HEMlNGBURGH.
1392 314 1478 356 143

211 431 354 473 nihilo
407 431 701 485 reputabant.
791 430 854 472 Et
903 443 1006 472 cum
1057 435 1182 473 esset
1232 429 1476 472 Scotorum
1505 437 1637 497 {³⁶3⁸ss
1640 437 1672 495 917-

211 498 497 552 propositum
545 502 596 538 ut
629 498 676 538 in
713 497 982 551 episcopatu
1019 496 1322 539 Dunolmensi
1354 496 1477 537 acies
1494 489 1642 553 &uigor
1679 487 1687 494 ’

211 564 475 618 dirigerent,
499 563 736 617 impedivit
761 576 840 605 eos
873 564 1001 605 Deus
1031 569 1078 605 et
1100 563 1328 617 gloriosus
1357 561 1477 616 ejus·
1494 560 1637 587 ⁸⁰⁰ssffld·

211 630 314 672 dem
338 630 428 672 loci
457 634 680 684 patronus
718 634 908 671 sanctus
941 629 1235 672 Cuthbertus.
1306 628 1477 682 Super-

212 697 337 738 venit
357 697 479 739 enim
501 701 752 751 tempestas
781 696 985 738 maxima
1009 696 1262 750 grandinis,
1287 695 1407 736 nivis
1430 698 1478 736 et

211 763 343 805 fortis
390 763 497 817 gelu
545 762 666 804 infra
709 762 891 804 easdem
937 767 1129 804 octavas
1176 761 1300 803 beati
1347 761 1476 803 Mar-

211 830 310 879 tini,
346 830 413 871 ita
449 829 571 883 quod
610 829 851 870 Scotorum
892 828 1026 870 multi
1067 828 1188 869 same
1229 833 1275 869 et
1307 827 1478 880 frigore

210 896 458 949 perierunt.
528 894 862 948 Exploratores
884 895 1024 935 etiam
1049 907 1205 935 eorum
1226 893 1478 942 venientes,

210 963 422 1004 dicebant
440 961 631 1003 eundem
663 961 979 1014 episcopatum
1010 960 1148 1001 armis
1165 963 1476 1013 praeparatum

209 1032 256 1069 et
276 1029 390 1069 bene
413 1028 638 1069 munitum
670 1027 892 1068 immenso
922 1026 1111 1080 populo,
1133 1031 1180 1067 et
1200 1030 1354 1067 tamen
1385 1038 1478 1067 non

211 1099 343 1136 erant
371 1098 555 1136 centum
585 1094 750 1135 armati
784 1097 831 1134 et
862 1092 938 1134 vix
980 1104 1051 1134 111.
1090 1092 1236 1133 millia
1270 1091 1477 1146 peditum

210 1160 473 1203 electorum.
544 1159 638 1211 Qui
675 1159 784 1202 licet
823 1159 968 1200 multo
1006 1158 1189 1213 ‘plures
1227 1157 1382 1200 ante'¹
1418 1158 1477 1199 ad

210 1227 513 1270 resistendum
532 1226 581 1267 in
604 1227 800 1268 confinio
830 1230 1111 1275 manserant,
1132 1224 1291 1266 eodem
1323 1230 1477 1266 tamen

211 1299 418 1348 tempore
459 1293 691 1348 perterriti
732 1292 789 1334 ad
832 1292 1020 1346 propria
1058 1291 1289 1345 fugerunt.
1387 1291 1477 1333 Sed

210 1360 450 1402 deficiente
493 1359 666 1414 populo
709 1372 800 1401 non
847 1362 860 1381 ‘
881 1356 1083 1400 defuit’2
1126 1358 1354 1411 gloriosus
1399 1357 1478 1399 ille

213 1426 511 1476 Cuthbertus,
533 1426 660 1480 quin,
679 1430 734 1467 ut
757 1425 830 1479 pie
863 1425 1080 1474 creditur,
1101 1424 1343 1466 Scotorum
1371 1436 1478 1477 pro-

210 1493 411 1547 positum
458 1492 555 1534 suis
605 1492 778 1533 sanctis
825 1491 1036 1545 precibus
1077 1494 1348 1545 quassatum
1391 1494 1476 1531 est.

213 1559 519 1601 Revertentes
555 1570 666 1611 ergo
700 1557 828 1599 Scoti
855 1570 891 1598 ⁴a
928 1557 1053 1598 caede
1086 1556 1308 1611 praedicta
1338 1569 1477 1598 vene-

210 1630 316 1667 runt
335 1623 464 1666 ‘ad’³
486 1623 816 1672 Hexcelsham,
833 1623 912 1664 ubi
930 1628 1024 1664 tres
1043 1622 1251 1664 canonici
1271 1622 1474 1677 ejusdem
1496 1635 1632 1674 npxham

210 1692 374 1733 domus
419 1691 499 1745 qui
544 1689 685 1744 paulo
727 1694 835 1731 ante
873 1689 1121 1739 redierant,
1156 1692 1350 1730 mortem
1384 1702 1476 1730 non
1494 1676 1626 1734 {Effer

210 1759 439 1808 timentes,
503 1770 609 1799 cum
653 1756 878 1798 vidissent
922 1755 1179 1797 venientem
1224 1755 1477 1796 exercitum

210 1824 426 1878 fugerunt
450 1824 497 1865 in
526 1823 779 1865 oratorium
809 1835 941 1863 suum
977 1821 1099 1875 quod
1135 1821 1191 1863 de
1222 1834 1344 1863 novo
1375 1834 1478 1863 con-

210 1895 493 1940 struxerant,
530 1895 583 1931 ut
609 1889 649 1931 si
676 1890 743 1930 sic
775 1893 898 1930 esset
919 1888 1077 1930 divina
1100 1888 1315 1929 voluntas
1338 1888 1479 1929 sacri-

210 1957 364 1999 ficium
385 1956 474 1998 sibi
495 1956 657 1997 fierent
677 1955 726 1996 in
747 1955 935 1997 odorem
956 1954 1214 1996 suavitatis.
1268 1954 1478 2008 Moxque

210 2024 406 2077 ingressi
433 2027 542 2064 sunt
565 2022 623 2063 ad
662 2035 740 2063 eos
771 2022 858 2063 viri
893 2021 1113 2062 lancearii
1143 2021 1379 2061 vibrantes
1413 2021 1478 2061 eis
1519 2030 1521 2033 ⁴

210 2090 395 2131 lanceas
432 2094 478 2131 et
513 2089 728 2137 dicentes,
761 2087 1043 2129 “Ostendite
1076 2086 1206 2127 nobis
1237 2086 1479 2128 thesauros

211 2156 419 2197 ecclesiae
442 2160 623 2205 vestrae,
657 2154 730 2195 vel
765 2153 1004 2195 confestim
1036 2150 1333 2193 moriemini.''
1402 2150 1478 2193 Ad

212 2221 310 2263 haec
332 2233 451 2262 unus
484 2220 540 2261 de
571 2219 819 2269 canonicis,
844 2223 873 2241 “
891 2218 1044 2268 Non,”
1075 2218 1240 2271 inquit,
1262 2217 1384 2258 “diu
1408 2222 1480 2259 est

212 2287 332 2341 quod
369 2299 452 2328 vos
488 2291 534 2328 et
560 2285 759 2339 populus
780 2290 934 2326 vester
963 2284 1117 2325 omnia
1149 2283 1282 2337 quasi
1319 2289 1480 2325 nostra

212 2353 487 2408 asportastis
514 2352 559 2393 in
597 2356 765 2393 terram
794 2356 1009 2400 vestram,
1034 2355 1082 2391 et
1101 2350 1179 2390 ubi
1209 2350 1479 2403 reposuistis

212 2433 268 2462 ea
306 2419 449 2469 scitis,
493 2431 578 2460 nos
613 2430 723 2459 vero
764 2421 935 2458 extunc
978 2429 1128 2470 pauca
1168 2416 1479 2470 quaesivimus,

212 2487 332 2528 sicut
347 2485 447 2541 jam
468 2485 513 2526 in
531 2484 749 2538 praesenti
768 2482 980 2525 videtis.'’
1043 2482 1238 2524 Interim
1258 2495 1367 2523 vero
1383 2482 1480 2524 dux

212 2566 368 2594 eorum
402 2552 638 2604 ingressus
671 2555 757 2600 est,
783 2549 960 2591 scilicet
983 2548 1246 2590 Willelmus
1266 2548 1480 2603 Walays,

211 2624 259 2661 et
288 2618 656 2660 comminabatur
687 2616 783 2658 suis
818 2620 871 2657 ut
894 2614 1174 2664 recederent,
1204 2614 1482 2668 rogavitque

212 2690 265 2726 ut
299 2697 457 2726 eorum
493 2683 661 2737 aliquis
703 2683 891 2724 missam
930 2681 1200 2731 celebraret,
1239 2685 1287 2722 et
1322 2681 1482 2723 statim

261 2786 271 2806 ¹
294 2786 304 2804 ‘
315 2786 474 2826 inantea,’
490 2785 567 2817 MS.
584 2785 711 2817 Lansd.
914 2782 928 2801 ³
942 2782 952 2799 ‘
965 2778 1082 2822 apud‚’
1099 2781 1201 2814 MSS.
1212 2779 1485 2814 con.Ann.and

260 2832 274 2852 ²
295 2833 305 2851 ‘
317 2832 465 2873 defeci&
482 2832 557 2864 MS.
575 2831 701 2863 Lansd.
868 2829 959 2861 Cott.
973 2828 1051 2860 Tib.
