2038 3306
585 300 672 341 370
1079 311 1359 343 canonicos

370 428 491 454 mma
512 427 570 453 111·
586 417 634 458 in
677 415 869 458 ecclesia
911 419 1070 457 nostra
1109 415 1375 457 Cantuariae
1416 415 1765 470 publicavimus,
1806 419 1853 456 et

387 463 424 487 A.
434 462 467 487 D.
484 461 558 486 1841.

371 517 433 542 The
446 516 534 542 Arch-

373 550 473 580 bishop
486 550 518 574 or

374 581 574 612 Canterbury’·

374 615 457 640 letter
467 617 497 640 to
507 614 557 639 the

377 648 455 679 King
466 647 520 673 and

375 680 501 706 Council.

589 495 670 536 per
709 494 865 523 omnes
900 481 1064 523 fratres
1100 485 1283 522 nostros
1318 486 1365 522 et
1401 481 1715 534 suffraganeos
1744 493 1850 534 pro-

590 548 751 590 vinciae
810 551 981 588 nostrae
1036 546 1301 588 Cantuariae
1360 546 1550 588 fecimus
1611 546 1851 600 publicari.

592 614 708 655 Post
738 612 871 666 cujus
894 612 1118 665 siquidem
1139 611 1377 653 sententiae
1399 611 1770 664 publicationem,
1799 616 1853 652 ut

591 679 901 732 praemittitur,
943 678 1131 727 factam,
1164 677 1288 730 capti
1328 681 1435 718 sunt
1475 680 1524 717 et
1564 677 1609 717 in
1652 676 1852 718 castellis

592 743 787 785 diversis
801 748 850 785 et
879 743 990 785 locis
1017 743 1119 785 aliis
1140 741 1322 795 Angliae
1345 741 1393 783 in
1413 754 1620 783 carceres
1641 742 1768 782 missi
1798 754 1853 783 ac

591 810 734 850 invite
754 809 941 858 detenti,
960 809 991 850 J
995 808 1196 850 ohannes
1213 807 1269 848 de
1282 807 1451 849 Sancto
1466 807 1632 857 Paulo,
1653 806 1855 848 Michael

593 875 650 915 de
665 874 826 924 Wath‚
846 874 1077 916 Robertus
1098 874 1154 914 de
1178 878 1191 895 ‘
1208 871 1514 922 Chickwell,’¹
1538 872 1569 914 J
1573 872 1774 913 ohannes
1798 871 1854 913 de

593 940 768 992 Thorp,
787 934 833 981 e't
865 939 1095 981 Henricus
1119 939 1176 980 de
1203 938 1446 988 Stretford,
1470 938 1517 979 in
1537 937 1855 992 praejudicium

596 1005 685 1046 Dei
705 1010 751 1046 et
772 1011 945 1046 sanctae
975 1005 1195 1054 ecclesiae,
1215 1009 1262 1045 et
1293 1009 1455 1051 contra
1486 1003 1612 1056 leges
1637 1016 1691 1044 ac
1724 1003 1855 1044 cleri-

595 1083 752 1112 corum
775 1070 1018 1124 privilegia
1037 1070 1256 1119 omnium,
1282 1082 1457 1111 necnon
1482 1069 1736 1110 animarum
1752 1068 1855 1109 illo·

595 1148 694 1176 rum
731 1136 779 1176 in
815 1135 1067 1188 periculum
1088 1136 1167 1188 qui
1191 1135 1306 1176 talia
1340 1134 1678 1183 commiserunt,
1709 1134 1856 1174 consi-

595 1200 706 1240 lium
729 1200 950 1241 dederunt
973 1205 1020 1241 et
1041 1212 1294 1241 assensum.
1364 1199 1521 1250 Quare
1550 1198 1732 1240 domino
1751 1211 1857 1240 nos-

598 1269 670 1306 tro
701 1266 798 1318 regi
829 1266 907 1318 qui
929 1265 1166 1306 libertates
1199 1269 1373 1306 sanctae
1404 1264 1624 1314 ecclesiae,
1646 1268 1783 1318 prout
1811 1264 1858 1305 in

597 1331 776 1371 actibus
808 1331 904 1372 suis
940 1330 1165 1371 Dominus
1208 1330 1336 1371 Deus
1371 1330 1652 1383 temporibus
1688 1329 1858 1382 elapsis

598 1395 791 1437 feliciter
812 1396 1099 1445 monstravit,
1122 1395 1387 1448 clarumque
1418 1395 1591 1444 fecerit,
1613 1399 1659 1436 et
1671 1395 1782 1449 jura
1804 1407 1859 1436 ac

598 1461 841 1514 privilegia
875 1474 1055 1514 semper
1077 1473 1348 1502 conservare
1370 1461 1551 1502 curavit
1578 1460 1758 1502 illibata
1779 1473 1858 1501 ex-

599 1538 799 1577 oramuS,
823 1533 1049 1580 quatenus
1083 1526 1308 1568 dictorum
1342 1526 1609 1567 clericorum
1632 1530 1679 1567 et
1701 1526 1858 1579 singu-

600 1592 748 1632 lorum
780 1598 941 1634 contra
977 1592 1166 1638 Cartam
1206 1591 1444 1644 Magnam,
1477 1591 1604 1644 leges
1639 1595 1773 1632 terrae
1803 1603 1859 1632 ac

602 1657 953 1711 consuetudines
985 1657 1290 1706 detentorum,
1314 1657 1592 1710 ereptionem
1617 1669 1645 1697 a
1678 1669 1859 1697 carcere

601 1722 698 1762 sive
739 1722 1110 1764 deliberationem
1149 1722 1446 1763 dominationi
1479 1734 1576 1762 suae
1612 1722 1860 1775 praecipere

602 1784 782 1839 placeat
801 1788 1001 1828 indilate.
1072 1787 1311 1839 Rogamus
1335 1788 1523 1840 insuper
1552 1792 1599 1828 et
1624 1775 1860 1828 hortamur

601 1851 647 1891 in
671 1851 869 1893 Domino
893 1865 1049 1893 omnes
1069 1852 1354 1893 consiliarios
1372 1852 1475 1893 illos
1499 1853 1577 1905 qui
1601 1852 1715 1893 talia
1734 1865 1858 1893 com-

602 1917 810 1958 mittendi
832 1918 1071 1959 consilium
1096 1917 1280 1958 domino
1303 1918 1400 1970 regi
1421 1917 1531 1958 dare
1561 1930 1859 1970 praesumpse-

601 1986 724 2031 runt,
753 1982 1069 2024 deliberationi
1107 1983 1395 2024 detentorum
1426 1983 1632 2035 praefatae
1665 1983 1861 2023 nullate-

602 2059 688 2087 nus
733 2048 948 2089 obviare:
1006 2047 1295 2089 dissimulare
1341 2048 1460 2089 enim
1502 2061 1592 2089 non
1637 2048 1857 2097 valemus,

601 2112 712 2164 quin
748 2126 803 2154 ea
833 2126 938 2166 quae
972 2114 1102 2154 nobis
1135 2114 1404 2154 incumbunt
1438 2113 1660 2155 faciamus
1697 2114 1745 2154 in
1774 2113 1860 2154 hac

601 2182 746 2230 parte.
818 2178 938 2220 Item
972 2179 1094 2232 quod
1140 2191 1362 2232 personae,
1401 2179 1522 2228 laici,
1563 2179 1859 2232 hominesque

602 2242 748 2293 liberi,
784 2249 945 2286 contra
982 2244 1206 2297 Magnam
1240 2244 1442 2294 Cartam,
1478 2244 1604 2298 leges
1638 2257 1692 2286 ac
1723 2250 1859 2286 terrae

603 2310 955 2350 consuetudines
976 2311 1115 2363 capti,
1139 2310 1378 2363 adhucque
1399 2310 1445 2350 in
1468 2323 1650 2351 carcere
1671 2306 1859 2360 detenti,

602 2373 846 2427 ejiciantur
875 2375 1106 2429 libereque
1132 2376 1258 2416 abire
1289 2376 1639 2428 permittantur:
1673 2375 1863 2428 praedic—

602 2443 743 2492 taque
766 2445 812 2481 et
840 2440 932 2482 alia
966 2441 1214 2482 secundum
1250 2441 1443 2482 formam
1479 2442 1526 2481 in
1558 2440 1685 2482 bulla
1718 2440 1859 2481 Inno-

603 2505 740 2545 centii
774 2506 926 2559 quarti
956 2511 1231 2556 contentam,
1253 2519 1335 2559 per
1354 2519 1491 2559 quam
1514 2518 1671 2547 omnes
1702 2511 1862 2547 contra

605 2568 826 2622 Magnam
858 2570 1046 2613 Cartam
1071 2572 1224 2613 venire
1257 2576 1586 2624 praesumentes
1622 2583 1704 2612 seu
1734 2571 1861 2612 illam

602 2634 826 2676 violantes
867 2638 1140 2678 sententiam
1185 2636 1673 2678 excommunicationis
1710 2636 1860 2677 incur-

957 2779 965 2797 ·
988 2781 999 2799 ι
1013 2780 1226 2821 Chigwelle,’
1243 2781 1317 2812 MS.
1335 2781 1434 2813 Harl.
1450 2783 1525 2812 655.
