2038 3306
524 326 612 370 218
1022 336 1083 367 cn
1091 336 1297 368 Romcon

331 456 452 483 mma
464 457 488 484 1.
526 441 811 496 pertransiit,
835 445 974 495 capta
1002 446 1072 483 est
1101 441 1290 483 libertas
1316 441 1604 495 episcopatus
1636 440 1707 482 sui
1737 438 1784 480 in

326 489 498 516 A'D'¹³⁰²‘
526 521 713 550 manum
759 507 931 550 domini
966 508 1116 560 regis3
1161 508 1466 561 apposuitque
1501 506 1781 562 justitiarios

310 545 476 572 Dimmion

309 579 497 644 ffssffi'ffl‘
524 587 631 616 suos
656 579 703 616 et
722 586 857 615 suum
876 572 1200 615 cancellarium
1221 573 1330 615 fecit
1350 585 1449 614 cum
1472 585 1592 614 novo
1613 572 1779 625 sigillo.

310 645 448 704 gffig·
525 639 868 694 Conquestique
896 646 1005 680 sunt
1033 638 1196 680 incolae
1226 639 1283 680 de
1313 639 1533 680 ministris
1562 639 1780 692 episcopi,

309 722 370 747 'rue
382 722 495 754 Liberty
524 711 570 748 et
591 706 914 748 tractabantur
931 704 1049 747 male
1069 718 1080 757 3
1113 704 1408 754 mulctantur,
1430 704 1784 754 incarcerantur,

309 755 461 820 ῗιῖἑξῖςέἒῐ
523 777 569 813 et
592 772 725 825 quasi
755 771 814 814 ad
850 771 1240 825 consumptionem
1270 774 1527 812 extremam
1548 768 1780 811 deducun-

309 821 474 880 ξζῗῖἒέῗιῖἔ
524 842 600 879 tur
620 837 767 879 multi.
833 837 1025 879 Interim
1055 836 1445 890 appropinquavit
1471 840 1652 889 tempus
1683 835 1779 889 epi-

309 886 470 948 ἷῖἑῗιῖἱῲ
523 904 668 957 scopi,
681 909 733 945 ut
756 904 1033 958 promissum
1053 903 1142 944 iter
1162 902 1399 956 arriperet,
1420 906 1467 943 et
1485 901 1654 955 incepit
1675 901 1779 954 plus

522 969 659 1011 solito
679 969 861 1023 placare
881 969 1112 1011 dominum
1132 981 1302 1021 regem,
1321 967 1619 1022 promisitque
1639 973 1684 1009 et
1705 980 1780 1009 as-

522 1036 752 1077 securavit
762 1035 992 1090 justitiam
1005 1035 1171 1084 facere,
1187 1040 1233 1076 et
1251 1034 1483 1076 ministros
1499 1033 1777 1087 ‘praestare’²

522 1101 666 1142 bonos
698 1109 744 1143 et
777 1101 950 1151 fideles,
973 1105 1019 1142 et
1054 1101 1269 1142 restituta
1292 1104 1362 1142 est
1392 1100 1434 1141 ei
1465 1099 1652 1141 libertas
1675 1112 1775 1143 sua.

307 1183 456 1215 Augustl.
522 1166 695 1208 Eodem
717 1172 920 1220 tempore
944 1166 1067 1208 circa
1086 1166 1253 1207 festum
1278 1165 1402 1207 beati
1426 1164 1554 1206 Petri
1577 1164 1636 1206 ad
1661 1164 1777 1206 Vin-

303 1249 477 1274 A.n.1³o³.
521 1232 640 1281 cula,
671 1232 918 1287 praedictus
950 1232 1075 1284 prior
1105 1230 1333 1272 Ricardus
1371 1242 1583 1272 reversus
1613 1234 1684 1271 est
1718 1230 1775 1272 de

306 1291 462 1357 ffissrsssssf
520 1298 664 1350 curia,
703 1302 749 1339 et
793 1309 822 1337 a
860 1297 1078 1339 fratribus
1113 1297 1209 1337 suis
1248 1295 1636 1337 Dunolmensibus
1672 1309 1775 1337 cum

520 1363 689 1415 gaudio
729 1367 970 1416 susceptus
1004 1366 1075 1404 est
1111 1362 1159 1403 in
1198 1374 1319 1403 anno
1365 1362 1502 1403 tertio
1539 1361 1775 1416 ejectionis

520 1427 660 1480 suan2
690 1433 736 1470 et
759 1428 970 1470 dominus
988 1428 1230 1482 episcopus
1246 1427 1304 1469 ad
1326 1427 1582 1470 Romanam
1602 1429 1774 1469 curiam

520 1494 688 1536 direxit
727 1507 912 1547 gressus
945 1506 1069 1544 suOS,
1101 1506 1191 1535 non
1225 1498 1378 1536 tamen
1407 1499 1459 1534 ut
1488 1494 1775 1547 promiserat,

520 1561 628 1613 quia
662 1561 839 1602 obierat
873 1559 1139 1601 Bonifacius
1177 1571 1298 1613 papa
1331 1559 1592 1612 praedictus.
1662 1559 1776 1601 Suc-

521 1626 709 1667 cedente
750 1639 860 1667 vero
904 1625 1049 1667 eidem
1092 1637 1214 1678 papa
1259 1625 1525 1674 Benedicto,
1565 1624 1776 1666 dominus

521 1693 764 1744 episcopus
784 1705 867 1745 pro
888 1691 1157 1744 exequendo
1178 1691 1398 1744 praedicto
1418 1690 1604 1743 nego'tio
1620 1690 1776 1732 Terrae

522 1757 704 1799 Sanctae
740 1757 938 1798 decimas
969 1755 1241 1809 Anglicanae
1278 1756 1500 1806 ecclesiae,
1536 1755 1702 1797 Scotiae
1727 1762 1774 1798 et

522 1822 774 1873 Hiberniae,
798 1836 880 1877 per
908 1828 1002 1864 tres
1033 1834 1178 1863 annos
1208 1821 1448 1863 continuos
1479 1822 1664 1863 concedi
1688 1822 1775 1863 sibi

519 1889 666 1942 petiit.
737 1888 827 1930 Sed
851 1888 1008 1929 irrisus
1032 1893 1118 1937 est,
1143 1887 1390 1941 effuditque
1412 1888 1579 1928 iterato
1603 1888 1776 1930 viscera

519 1954 724 2007 pecuniae
763 1966 872 1995 suae.
936 1953 996 1994 Et
1032 1953 1316 1994 solummodo
1346 1953 1623 2006 impetravit,
1652 1954 1775 2007 quod

522 2019 864 2061 Cantuariensis
904 2018 1290 2072 archiepiscopus,
1341 2018 1672 2060 wintoniensis
1728 2025 1775 2061 et

522 2084 853 2126 Lincolniensis
891 2083 1116 2138 episcopi³
1151 2084 1453 2137 personaliter
1487 2085 1692 2126 venirent
1728 2091 1775 2127 et

521 2151 758 2192 visitarent
776 2150 1028 2204 capitulum
1052 2150 1377 2200 Dunolmense,
1402 2155 1449 2192 et
1471 2151 1777 2192 correctiones

520 2217 726 2258 salubres
747 2216 963 2266 facerent,
986 2220 1080 2258 tam
1100 2216 1148 2257 in
1162 2216 1313 2270 capite
1329 2228 1465 2270 quam
1485 2216 1530 2257 in
1550 2217 1775 2259 membris.

523 2281 688 2323 Noluit
721 2282 840 2323 enim
863 2282 1189 2323 Dunolmensis
1217 2283 1460 2336 episcopus
1481 2282 1668 2324 visitare
1698 2296 1780 2336 per

520 2360 585 2397 se,
606 2361 659 2389 eo
681 2348 801 2401 quod
825 2348 1033 2389 dominus
1055 2360 1178 2401 papa
1207 2348 1472 2389 Bonifacius
1501 2347 1780 2390 limitaverat

521 2426 640 2463 eum,
658 2414 864 2455 faciendo
882 2426 1019 2466 super
1033 2413 1118 2454 hoc
1134 2414 1504 2455 constitutionem
1518 2414 1777 2468 specialem,

520 2478 646 2533 (quae
682 2479 804 2521 “Ad
841 2478 1178 2521 Audientiam''
1216 2477 1415 2534 incipit,)
1447 2480 1567 2532 quod
1599 2480 1777 2521 Dunol—

520 2558 696 2587 menses
713 2545 914 2599 episcopi
929 2558 1019 2586 non
1039 2545 1291 2586 visitabunt
1303 2545 1359 2586 de
1375 2550 1555 2594 caetero,
1574 2545 1660 2585 nisi
1673 2558 1776 2586 cum

569 2688 576 2706 Ι
600 2689 908 2730 ‘praefigere''MS'
925 2690 1052 2721 Lans‘l‘
1211 2709 1225 2728 ³
1255 2711 1363 2743 These
1397 2721 1487 2743 were
1525 2711 1651 2743 Robert
1683 2714 1778 2744 Win-

565 2733 577 2752 2
599 2735 747 2768 G⁰dWin
776 2746 854 2776 says
884 2736 940 2767 the
971 2736 1070 2766 Prior
1098 2735 1136 2766 of
1163 2757 1311 2797 chelsey,
1336 2757 1426 2789 John
1450 2758 1493 2789 de
1525 2758 1719 2790 Pontissera
1741 2770 1779 2791 01·

521 2781 670 2813 Durham
687 2782 766 2834 died
781 2792 822 2813 on
839 2782 891 2813 his
907 2785 1019 2813 return
1035 2781 1132 2813 home
1163 2804 1359 2844 Sawbridge
1388 2804 1454 2835 and
1469 2804 1560 2837 John
1576 2803 1775 2846 &Aldreby-

521 2827 629 2859 before
645 2828 802 2867 reachmg
819 2828 986 2868 England.
1225 2838 1228 2843 ’
1363 2827 1372 2845 ’
