2038 3306
450 310 675 341 WAL'rEm
706 311 770 341 nu
800 311 1176 344 nnmmcsuncfl.
1359 303 1448 345 315

181 426 264 467 per
311 413 567 468 malignum
631 416 843 468 spiritum
897 416 1049 459 fuerat
1109 417 1320 468 seducta,
1379 418 1447 459 rei
1465 427 1663 486 313133331·

183 480 370 530 veritas,
406 493 487 534 per
531 486 750 535 utrosque
792 482 927 524 facile
969 483 1247 534 declaratur,
1285 483 1445 537 sicque
1502 478 1510 487 ’
1549 479 1556 486 ’
1643 479 1650 486 “

181 546 370 587 muliere
414 546 616 601 ejulante
660 553 707 590 et
754 548 918 591 devote
966 549 1136 592 delicta
1177 549 1441 600 confitente,

182 612 457 654 intolerabili
503 614 636 667 quasi
682 614 846 656 foetore
878 615 1041 657 domus
1081 615 1299 670 repletur,
1338 622 1444 670 post

183 678 383 720 triduum
412 684 511 721 toto
538 693 729 734 corpore
761 681 939 731 inflato,
962 694 1056 723 una
1082 694 1184 723 cum
1207 686 1367 724 ventre
1398 686 1445 723 et

183 743 316 785 labiis
338 746 385 786 in
407 746 688 799 nigredinem
707 747 868 797 versis,
889 747 1019 798 obiit,
1040 748 1099 789 ab
1127 752 1232 790 octo
1253 747 1366 790 viris
1385 747 1444 789 ad

184 810 411 852 tumulum
432 817 620 865 propter
643 812 743 866 ejus
768 812 932 853 molem
957 813 1036 855 vix
1058 812 1246 855 delata.¹

242 877 349 917 Hoc
373 890 492 918 anno
521 890 673 918 comes
704 877 868 918 Sarum
899 883 945 919 et
975 879 1109 920 multi
1137 879 1313 920 nobiles
1344 877 1444 920 An·
1462 889 1632 915 tun-1³3⁸-

183 942 289 994 gliae
309 943 469 996 quinto
498 941 719 984 kalendas
747 943 985 984 Februarii
1008 948 1211 986 castrum
1235 944 1291 986 de
1313 945 1444 986 Dun-
1462 933 1645 997 {issffls'me

181 1006 294 1049 bar2
325 1007 549 1057 obsident,
579 1013 625 1049 et
648 1009 884 1050 obsidione
913 1020 1022 1052 X1X.
1055 1010 1323 1063 septimanis
1360 1010 1445 1051 du-
1462 999 1593 1058 332¹ssss

182 1079 328 1123 rante,
363 1073 565 1127 acceptis
595 1075 680 1116 sub
718 1075 856 1116 certis
887 1075 1220 1117 conditionibus
1253 1076 1444 1129 treugis,

181 1140 292 1180 nihil
346 1140 650 1192 proficientes,
702 1139 925 1194 Angliam
985 1141 1233 1184 redierunt.
1328 1141 1445 1193 Quae

182 1205 365 1259 quidem
401 1205 605 1248 dimissio
641 1211 688 1248 et
718 1212 883 1260 treuga
909 1207 1162 1262 majoribus
1182 1207 1367 1261 Angliae
1399 1213 1446 1250 et

181 1272 318 1313 etiam
360 1272 643 1313 multitudini
677 1273 971 1326 congregatis
1003 1274 1249 1327 plurimum
1286 1273 1446 1327 displi-

182 1338 292 1387 cuit,
311 1338 421 1391 quia
441 1337 617 1379 obsidio
637 1338 741 1392 ipsa
755 1340 906 1380 suerat
923 1338 1136 1393 Anglicis
1152 1339 1447 1393 dispendiosa

182 1416 264 1444 nec
288 1404 538 1445 honorifica
561 1417 644 1445 nec
672 1417 851 1454 secura,
872 1405 951 1446 sed
975 1405 1126 1447 Scotis
1151 1406 1279 1447 utilis
1307 1410 1447 1460 atque

182 1475 331 1522 grata.
399 1469 505 1511 Hoc
526 1483 648 1511 anno
673 1471 806 1524 quasi
827 1471 1072 1525 completo,
1094 1484 1250 1513 mense
1270 1472 1446 1514 scilicet
1464 1483 1597 1515 Prodigy·

183 1535 360 1584 Martii,
383 1535 430 1575 in
456 1536 567 1576 villa
602 1536 658 1577 de
695 1536 908 1589 Leghton
931 1537 1074 1591 juxta
1106 1537 1447 1590 Huntingdoun

182 1601 239 1642 ad
279 1614 364 1643 sex
404 1601 620 1643 milliaria
656 1606 794 1643 natus
833 1607 904 1644 est
942 1603 1115 1644 vitulus
1147 1602 1238 1645 duo
1273 1603 1446 1645 habens

182 1668 337 1720 capita
369 1671 416 1708 et
439 1678 543 1710 v111.
565 1667 720 1721 pedeS.
783 1667 1009 1719 Quaedam
1042 1669 1188 1722 galeae
1225 1674 1271 1710 et
1306 1682 1449 1711 naves

181 1733 389 1786 plurimis
418 1734 608 1775 armatis
638 1740 856 1783 oneratae,
880 1735 926 1775 in
963 1734 1233 1788 antevigilia
1256 1734 1450 1776 Annun-

182 1800 392 1841 ciationis
416 1801 563 1841 beatae
587 1800 751 1841 Mariae
772 1800 895 1854 apud
911 1800 1274 1842 Portismutham
1299 1801 1447 1855 appli-
1467 1814 1649 1839 Portsmouth

183 1870 394 1915 cuerunt,
424 1866 578 1907 villam
610 1867 742 1919 quasi
765 1867 986 1916 totaliter,
1017 1872 1185 1920 praeter
1206 1867 1448 1909 ecclesiam
1465 1848 1585 1873 numen.

183 1931 494 1985 parochialem
550 1936 597 1972 et
653 1932 944 1985 hospitalem,
988 1933 1356 1985 combusserunt,
1400 1938 1448 1974 et

182 1997 316 2038 illaesi
341 2011 441 2038 cum
469 1997 628 2051 spoliis
652 1998 709 2038 ad
735 2010 877 2039 naves
901 2003 1011 2040 sunt
1033 1997 1268 2051 regressi.³

252 2064 358 2105 Hoc
380 2076 500 2105 anno
525 2076 607 2104 rex
629 2062 813 2116 Angliae
835 2077 939 2105 cum
958 2065 1116 2118 regina
1139 2069 1186 2106 et
1206 2064 1449 2106 comitibus
1466 2079 1527 2117 Tse
1540 2077 1618 2109 xzng

183 2130 239 2170 de
264 2130 437 2183 Derby,
464 2129 825 2183 Northampton,
846 2135 892 2171 et
917 2129 1082 2172 Sarum
1103 2143 1158 2171 ac
1184 2130 1349 2171 militia
1372 2143 1448 2172 co-
1466 2112 1623 2170 5⁵:232&

1467 2179 1610 2208 Antwerp,

184 2196 316 2249 piosa
353 2195 504 2236 idibus
540 2194 570 2236 J
576 2195 656 2236 ulii
701 2195 823 2249 apud
866 2195 1092 2238 Orewelle
1138 2197 1186 2237 in
1235 2209 1362 2238 mare
1400 2209 1450 2237 se
1467 2211 1654 2276 ffissxsssaay.

232 2388 240 2406 ¹
263 2390 346 2421 This
366 2390 535 2421 narration
557 2390 587 2421 is
610 2391 682 2422 also
701 2391 798 2431 given
817 2388 1000 2429 ,singham,
1016 2392 1091 2422 136.
1131 2391 1224 2431 King
1240 2391 1402 2431 Edward,
1416 2392 1452 2423 in

183 2438 227 2476 by
244 2437 487 2477 Walsingham,
502 2447 535 2477 p.
548 2439 623 2477 136,
635 2437 690 2469 ed.
702 2438 801 2468 Cam·
817 2421 819 2460 Ι
834 2435 1079 2467 consideration
1090 2436 1129 2468 of
1135 2437 1190 2468 the
1200 2437 1268 2469 loss
1278 2438 1452 2470 sustained

183 2484 261 2515 den,
835 2481 879 2521 by
896 2482 1124 2522 Portsmouth,
1140 2483 1302 2523 directed,
1326 2485 1370 2524 by
1390 2484 1453 2515 let-

834 2531 1034 2567 ters-patent
1056 2529 1095 2559 of
1121 2529 1176 2561 the
1203 2529 1261 2561 9th
1285 2530 1323 2562 of
1348 2530 1452 2571 June,

834 2573 907 2605 that
930 2574 986 2605 the
1011 2574 1103 2606 tenth
1129 2575 1241 2607 which
1268 2576 1337 2607 had
1367 2577 1452 2608 been

834 2620 974 2659 granted
995 2624 1029 2652 to
1053 2621 1122 2652 him
1146 2622 1189 2661 by
1206 2622 1261 2653 the
1285 2622 1352 2654 late
1377 2632 1455 2662 par·

834 2666 971 2697 liament
986 2670 1021 2698 at
1036 2667 1270 2700 Westminster
1293 2668 1344 2700 for
1358 2669 1451 2700 three

835 2722 944 2752 years,
954 2712 1074 2745 should
1090 2717 1147 2745 not
1158 2714 1199 2746 be
1213 2714 1324 2746 levied
1338 2725 1382 2746 on
1396 2715 1453 2747 the

232 2754 245 2773 ³
267 2756 380 2787 Itwas
392 2757 546 2796 reported
556 2756 628 2787 that
638 2756 693 2788 the
705 2757 800 2796 ships
835 2759 987 2792 citizens.
1043 2760 1179 2802 Rymer,
1218 2761 1377 2802 Foedera,
1415 2762 1452 2793 ii.

183 2812 276 2834 came
292 2802 374 2834 from
394 2802 600 2842 Normandy.
632 2803 695 2834 See
707 2803 801 2834 Wal-
838 2807 933 2837 1042.

230 2548 244 2567 ²
266 2550 348 2582 This
364 2550 481 2590 castle,
496 2550 531 2581 in
546 2549 602 2582 the
613 2551 757 2582 absence
767 2551 806 2582 of
818 2566 819 2581 2

184 2597 239 2628 the
258 2597 338 2628 Earl
355 2597 392 2628 of
406 2597 620 2636 March‚was
634 2597 800 2628 defended
817 2595 819 2642 j

185 2644 227 2683 by
244 2643 296 2674 his
312 2643 403 2681 wife,
414 2643 470 2674 the
486 2643 653 2683 daughter
666 2643 704 2674 of
714 2643 801 2674 Tho-

186 2699 257 2720 mas
273 2689 452 2729 Randolph
471 2689 551 2720 Earl
567 2689 605 2720 of
618 2690 751 2729 Moray.
