2038 3306
543 283 632 326 376
1039 294 1319 325 canor-ticon

333 410 453 437 mma
473 409 532 436 ιιι.
548 398 607 440 ad
666 395 968 451 apostolicam
1026 396 1299 449 dignitatem
1359 410 1445 439 nos
1500 397 1604 439 ideo
1653 397 1813 439 divina

333 443 522 525 εέῃεῃὲῗῖι
549 463 793 506 clementia
835 461 1120 511 sublimavit,
1166 475 1257 503 non
1298 467 1351 504 ut
1399 463 1498 504 dies
1542 467 1726 505 nostros
1766 463 1814 504 in

335 528 534 590 ggffimffi'·
552 530 705 583 quiete
749 532 796 569 et
830 527 1097 568 deliciarum
1132 526 1369 568 affluentia
1406 528 1690 578 duceremus,
1732 528 1813 570 sed

337 595 518 655 gfffflgrgbg‘
552 600 604 636 ut
647 606 706 636 ex
747 593 956 648 injuncto
1011 591 1142 633 nobis
1194 592 1603 635 administrationis
1647 593 1813 644 officio,

338 661 524 721 ffifflm‘m
555 665 815 701 nostrorum
865 657 1248 711 praedecessorum
1297 658 1521 712 exemplis
1572 659 1818 701 salubriter

341 727 464 755 cumen.
555 724 782 774 instructi,
824 736 908 777 pro
952 723 1088 764 domo
1132 723 1320 764 Domini
1366 723 1716 765 ascendentibus
1757 737 1814 766 ex

557 790 751 833 adverso
771 801 854 830 nos
870 801 1049 830 murum
1065 788 1472 842 inexpugnabilem
1490 801 1818 842 praeparemus,

558 860 611 898 ut
651 860 857 897 errantes
900 854 958 895 ad
1003 854 1120 896 viam
1160 853 1386 903 veritatis,
1426 854 1679 908 inspirante
1720 855 1819 896 Do-

561 922 701 970 mino,
722 920 1011 970 reducamus,
1034 919 1256 972 quasdam
1292 921 1816 963 excommunicationum

563 987 815 1029 sententias
849 999 878 1027 a
904 985 1078 1026 sanctis
1102 985 1312 1038 patribus
1339 991 1385 1026 et
1405 985 1817 1039 praedecessoribus

564 1053 734 1094 nostris
779 1052 827 1092 in
870 1051 1138 1104 subscriptis
1186 1051 1366 1092 casibus
1411 1051 1631 1092 adversus
1681 1051 1819 1092 delin-

564 1124 757 1171 quentes
772 1117 990 1158 hactenus
1009 1116 1340 1169 promulgatas,
1354 1129 1435 1169 per
1447 1116 1822 1158 denunciationes

567 1183 775 1237 publicas
807 1182 854 1223 in
881 1181 995 1223 locis
1029 1181 1332 1222 eminentibus
1361 1181 1595 1223 faciendas
1621 1195 1703 1235 per
1736 1195 1822 1224 vos

567 1254 613 1290 et
651 1252 841 1289 caeteros
887 1246 1139 1288 confratres
1177 1259 1231 1287 ac
1271 1246 1583 1299 suffraganeos
1626 1252 1824 1298 nostros,

568 1314 721 1368 palam
738 1312 955 1354 duximus
976 1312 1184 1353 omnibus
1212 1312 1438 1363 intimare,
1464 1325 1520 1354 ne
1549 1313 1823 1365 ignorantiae

569 1379 793 1421 affectatae
836 1377 1052 1419 nebulose
1095 1377 1298 1427 valeant,
1341 1378 1419 1431 qui
1464 1391 1660 1432 nequam
1702 1384 1824 1427 sunt,

571 1445 833 1499 aliqualiter
856 1456 1076 1484 excusare
1099 1448 1329 1496 praetextu
1353 1444 1562 1485 veritatis
1584 1444 1826 1486 occultatae

570 1516 618 1553 et
658 1515 711 1553 ut
753 1510 884 1552 decet
922 1509 1105 1550 minime
1148 1508 1408 1562 publicatae,
1442 1510 1522 1551 sed
1570 1516 1621 1551 ut
1655 1510 1827 1564 singuli

571 1577 733 1618 melius
753 1575 839 1617 sibi
869 1579 1062 1616 caveant
1096 1587 1179 1627 pro
1213 1574 1384 1616 futuro.
1454 1575 1641 1617 Nostrae
1673 1582 1826 1617 tamen

572 1642 837 1689 intentionis
871 1653 962 1681 non
989 1639 1150 1681 existit
1179 1639 1409 1681 dominum
1440 1646 1645 1682 nostrum
1673 1655 1827 1694 regem

576 1707 757 1759 Angliae
778 1706 1019 1755 illustrem,
1043 1705 1273 1746 dominam
1303 1706 1524 1759 reginam,
1549 1711 1630 1748 aut
1660 1706 1828 1748 liberos

576 1772 838 1822 eorundem,
878 1771 1010 1812 dictis
1065 1771 1301 1812 sententiis
1346 1776 1428 1813 aut
1472 1772 1627 1825 aliqua
1671 1786 1829 1814 earum

576 1838 763 1887 involvi,
776 1850 856 1878 seu
877 1837 962 1878 sub
986 1836 1330 1878 denuntiatione
1349 1837 1610 1891 hujusmodi
1624 1851 1830 1892 compre-

577 1903 730 1953 hendi,
753 1906 980 1956 quatenus
1004 1902 1060 1943 de
1081 1902 1187 1956 jure
1211 1903 1422 1943 excusari
1443 1908 1658 1957 poterunt
1679 1904 1725 1945 in
1747 1903 1833 1945 hac

578 1973 722 2022 parte.
793 1968 1087 2017 Mandantes,
1116 1973 1219 2016 etc„
1244 1969 1478 2020 quatinus,
1501 1969 1619 2010 etc.”
1679 1969 1834 2011 Tenor

578 2047 688 2075 vero
718 2033 979 2088 hujusmodi
1007 2032 1302 2074 articulorum
1333 2034 1438 2074 talis
1467 2040 1551 2076 est.
1617 2038 1643 2056 “
1662 2035 1719 2076 In
1747 2035 1835 2076 Dei

580 2100 778 2149 nomine,
801 2098 963 2141 Amen.
1022 2098 1123 2140 Nos
1142 2098 1171 2140 J
1176 2098 1379 2140 ohannes
1403 2100 1698 2152 permissione
1721 2100 1835 2142 divi-

582 2179 657 2216 na,
674 2170 759 2207 etc.
807 2164 977 2206 Omnes
1001 2169 1047 2206 et
1061 2164 1267 2216 singulos
1290 2165 1370 2218 qui
1393 2165 1610 2207 ecclesias
1631 2179 1715 2207 suo
1731 2166 1835 2220 jure
1874 2152 1880 2156 ¹

584 2232 765 2285 privare
780 2231 852 2272 vel
870 2243 951 2284 per
964 2230 1184 2271 malitiam
1201 2229 1449 2282 infringere
1469 2244 1550 2272 seu
1571 2233 1838 2284 perturbare

587 2301 870 2350 praesumunt
886 2296 1121 2337 libertates
1137 2300 1182 2336 et
1202 2295 1370 2338 liberas
1392 2295 1837 2339 consuetudines'ea-

587 2363 792 2412 rundem,
811 2366 858 2403 et
888 2374 967 2403 eos
990 2361 1218 2415 praecipue
1241 2361 1321 2414 qui
1356 2364 1571 2416 antiquas
1604 2363 1838 2404 libertates

588 2434 668 2470 aut
706 2428 872 2469 liberas
909 2427 1259 2468 consuetudines
1293 2433 1462 2469 nostrae
1498 2428 1842 2470 Cantuariensis

589 2494 792 2535 ccclesiae
808 2493 1097 2542 violaverint,
1110 2505 1188 2533 seu
1205 2492 1250 2532 in
1269 2493 1424 2545 aliquo
1442 2494 1747 2544 diminuerint,
1768 2494 1842 2535 vel

590 2565 750 2601 contra
770 2558 1012 2612 privilegia
1041 2557 1186 2599 eidem
1216 2557 1394 2599 indulta
1421 2559 1615 2600 scienter
1637 2560 1844 2600 venerint

590 2630 672 2666 aut
692 2629 850 2671 contra
875 2637 930 2666 ea
954 2624 1159 2673 fecerint,
1183 2636 1357 2664 necnon
1393 2629 1439 2665 et
1459 2624 1563 2665 illos
1587 2625 1665 2678 qui
1685 2638 1844 2678 pacem

588 2696 633 2731 et
647 2690 1026 2744 tranquillitatem
1049 2690 1168 2741 regis
1187 2695 1266 2730 aut
1287 2690 1412 2742 regni
1432 2689 1613 2743 Angliae
1638 2691 1847 2744 nequiter

590 2762 634 2796 et
668 2756 887 2810 injuriose
923 2756 1190 2809 perturbare
1229 2760 1527 2808 praesumunt,
1551 2768 1631 2797 seu
1667 2756 1725 2797 ad
1761 2756 1845 2797 hoc
