2038 3306
480 310 707 341 wAn'rmu
742 311 803 340 DE
835 310 1213 342 HEMlNGBURGH.
1374 299 1472 340 389·

199 413 482 467 grandiaque
517 415 702 468 negotia
735 416 904 457 nostris
939 416 1206 457 incumbant
1244 414 1461 465 humeris,
1481 423 1679 484 Εὲννόιᾱωξιιι.

201 485 247 519 ct
271 480 392 521 circa
414 480 496 521 illa
518 481 831 536 multipliciter
861 486 907 523 et
930 482 1112 523 assidue
1133 481 1458 530 distrahamur,
1478 475 1680 544 Thgss'mpm'r

202 549 355 586 tamen
399 559 501 587 cum
565 547 794 590 discordia
844 548 961 589 inter
1019 553 1064 589 te
1108 552 1155 589 et
1194 547 1459 600 Philippum
1478 543 1678 575 ⁰fGer¹¹¹³¹¹y¹⁸

1477 582 1562 607 letter
1572 584 1602 605 to
1613 579 1662 604 the

199 623 352 664 regem
404 613 629 664 Franciae,
669 613 849 655 affinem
894 618 1100 654 nostrum
1145 613 1459 667 praedilectum
1478 611 1674 680 ξιξὲὶῇξζῖξζ,

202 683 321 726 orta,
346 679 428 719 tibi
448 684 494 720 et
518 684 596 721 tuo
627 693 770 733 regno
802 679 1139 734 quamplurium
1163 692 1459 733 personarum
1477 679 1664 745 ffiXffss'fflss,

202 748 248 784 et
271 757 423 785 rerum
446 745 701 799 dispendia,
725 747 826 800 ipsa
861 759 952 787 non
981 745 1156 794 sedata,
1178 746 1226 786 in
1254 745 1459 787 futurum

201 811 371 862 poterit
428 824 665 864 generare,
717 818 763 854 et
820 811 990 852 nostris
1050 824 1099 853 se
1158 816 1463 865 repraesentat

201 876 453 926 obtutibus,
476 883 767 931 mentemque
798 882 1003 918 nostram
1031 878 1292 930 specialiter
1313 878 1461 931 angit,

201 945 246 982 et
290 943 466 984 excitat
506 947 560 983 ut
602 944 660 984 ad
702 942 951 984 tollendam
988 943 1137 996 ipsam
1177 943 1380 984 studium
1416 949 1464 985 et

199 1019 385 1060 operam
400 1013 570 1049 nostrae
589 1008 911 1050 sollicitudinis
924 1021 1152 1062 apponam
1160 1021 1226 1049 us.
1264 1008 1465 1062 Propter

200 1073 322 1125 quod
353 1079 399 1114 te
428 1075 546 1115 scire
568 1075 781 1116 volumus
809 1075 931 1128 quod
960 1075 1182 1128 praefatus
1203 1074 1463 1128 Philippus,

199 1139 255 1179 ad
281 1140 622 1192 requisitionem
644 1146 864 1191 nostram,
885 1141 1010 1183 dedit
1039 1141 1170 1182 nobis
1204 1141 1300 1182 suis
1319 1141 1464 1183 literis

202 1210 479 1258 potestatem
519 1208 749 1249 tractandi
787 1207 906 1248 inter
959 1213 1003 1248 te
1045 1213 1092 1248 et
1133 1207 1286 1261 ipsum
1325 1219 1464 1261 super

201 1271 431 1313 discordIa
461 1272 579 1315 inter
607 1286 689 1315 vos
726 1274 963 1315 suscitata.
1034 1273 1185 1324 Quam
1222 1278 1269 1314 et
1299 1273 1383 1314 tibi
1410 1278 1462 1315 et

201 1342 282 1379 tuo
323 1352 483 1391 regno,
528 1340 733 1393 pensatis
772 1340 1014 1393 diligenter
1055 1339 1266 1380 omnibus
1306 1339 1463 1380 condi-

204 1404 405 1446 tionibus
425 1405 516 1446 tuis
538 1411 584 1448 et
611 1405 904 1459 alligatorum
927 1411 1125 1455 tuorum,
1146 1405 1463 1459 multipliciter

200 1471 417 1523 expedire
449 1472 701 1522 credentes,
739 1473 952 1514 amicitiae
985 1477 1078 1513 tuae
1116 1472 1461 1525 persuademus,

202 1541 339 1590 teque
366 1550 470 1578 cum
500 1538 740 1591 diligentia
769 1538 1021 1588 hortamur,
1043 1542 1094 1580 ut
1125 1538 1183 1578 ad
1214 1537 1300 1579 hoc
1333 1543 1461 1579 tuum

202 1605 440 1644 assensum
473 1605 697 1657 praebeas,
732 1605 855 1658 quod
897 1610 942 1646 te
972 1609 1019 1646 et
1055 1604 1205 1658 ipsum
1243 1616 1460 1645 revocare

202 1670 433 1722 possimus
485 1670 543 1711 ad
601 1670 909 1720 concordiam,
951 1675 998 1711 et
1036 1670 1157 1711 inter
1203 1682 1286 1710 vos
1331 1669 1460 1722 pacis

201 1735 376 1776 foedera
407 1736 631 1785 ordinare,
673 1736 731 1777 ad
774 1749 877 1790 quae
911 1736 1071 1777 libenti
1105 1735 1259 1777 animo
1296 1748 1462 1776 vacare

204 1801 414 1842 volumus
473 1807 519 1844 et
566 1802 830 1856 impendere
888 1815 1082 1844 onerosa
1142 1802 1462 1856 prosecutione

202 1867 398 1909 labores.
470 1868 526 1909 In
562 1882 652 1922 quo
684 1869 725 1910 si
754 1869 958 1910 consiliis
993 1868 1162 1910 nostris
1200 1868 1460 1909 consentire

202 1933 403 1974 volueris
447 1938 493 1974 et
538 1935 842 1987 acquiescere,
887 1939 939 1976 ut
978 1947 1232 1988 speramus,
1279 1933 1461 1986 placeat

203 2004 249 2040 et
283 2000 415 2041 nobis
445 2000 537 2041 tuis
570 2000 713 2041 literis
736 2000 846 2041 dare
866 2004 1144 2054 potestatem
1176 1999 1460 2053 praemissam

202 2066 430 2107 tractandi
459 2066 767 2117 concordiam,
796 2071 843 2108 et
881 2071 1068 2118 treugas
1103 2066 1161 2107 ad
1194 2078 1364 2106 annum
1387 2065 1460 2106 vel

201 2132 431 2172 biennium
470 2132 725 2173 ordinandi.
811 2132 912 2174 Nec
957 2138 1002 2174 te
1035 2136 1219 2173 moveat
1257 2131 1461 2172 amicitia

201 2198 322 2239 inter
358 2211 440 2238 nos
473 2202 519 2239 et
549 2198 815 2252 Philippum
849 2211 1004 2252 regem
1031 2198 1314 2238 Francorum
1348 2197 1461 2238 inita

203 2269 249 2305 et
280 2269 543 2315 contracta3
583 2277 689 2305 nam
719 2277 779 2305 ex
810 2277 902 2318 quo
932 2265 979 2305 in
1016 2269 1204 2316 treugas
1235 2269 1282 2304 et
1311 2268 1461 2304 certos

201 2330 420 2371 terminos
440 2330 497 2371 ad
521 2330 809 2372 tractandum
841 2331 898 2371 de
925 2330 1171 2372 concordia
1197 2330 1316 2370 inter
1346 2334 1391 2370 te
1415 2334 1462 2370 et

203 2396 472 2449 praedictum
526 2409 680 2449 regem
744 2396 954 2438 Franciae
1015 2395 1233 2449 accepisti
1288 2395 1463 2447 absque

202 2467 359 2503 nostro
398 2462 535 2512 scitu,
573 2463 813 2504 voluntate
856 2467 902 2503 et
935 2474 1143 2511 assensu,
1179 2462 1236 2502 de
1271 2460 1464 2502 consilio

203 2533 464 2570 nostrorum
530 2529 803 2582 principum,
868 2529 947 2582 qui
1011 2528 1162 2580 ligias,
1213 2530 1366 2580 pacta,
1417 2531 1464 2568 et

204 2595 396 2636 uniones
447 2600 629 2636 nostras
684 2600 928 2644 noverunt,
972 2594 1138 2647 quibus
1176 2593 1326 2634 visum
1378 2591 1466 2633 fuit

205 2661 326 2713 quod
353 2661 454 2709 hoc,
477 2661 607 2701 salvo
642 2660 814 2702 honore
840 2666 1013 2709 nostro,
1035 2659 1186 2700 facere
1210 2670 1466 2712 possemus,

206 2726 493 2767 concordiam
517 2734 562 2768 ct
584 2727 833 2768 amicitiam
856 2739 958 2768 cum
982 2725 1107 2767 dicto
1129 2738 1236 2777 rege
1259 2724 1468 2765 Franciae

207 2793 539 2842 contraximus,
569 2798 614 2834 et
645 2794 856 2834 unionem
887 2793 1147 2843 univimus3
1180 2791 1468 2839 vicariatum,
