2038 3306
485 323 712 356 WAL'rEm
743 324 806 355 nn
836 323 1211 356 HEMlNGBchn.
1383 314 1472 359 243

208 441 262 470 eo
294 432 346 469 ut
384 428 522 470 etiam
559 428 884 470 Dunolmensis
917 429 1158 483 episcopus
1198 433 1467 474 remaneret.

209 495 270 536 Et
293 495 378 536 hoc
399 496 509 549 quia
531 499 633 536 erat
656 495 785 537 dives
805 496 1063 550 episcopus,
1077 501 1123 537 et
1136 508 1259 550 papa
1276 509 1465 550 pauper.

207 561 387 603 Habuit
425 562 544 603 enim
582 562 823 616 episcopus
861 567 1028 616 praeter
1063 563 1382 616 episcopatum
1418 563 1464 604 in

204 640 356 669 annuo
381 628 562 669 redditu
590 628 646 669 de
671 629 936 682 perquisitis
960 633 1006 670 et
1029 628 1306 682 patrimonio
1337 628 1466 682 plus-

206 707 345 747 quam
367 695 569 748 quinque
589 694 735 736 millia
757 707 1012 736 marcarum
1033 693 1228 747 singulis
1247 696 1396 745 annis,
1419 701 1468 738 et

203 761 350 802 multa
365 762 622 803 contulerat
638 773 773 815 papae
785 768 830 802 et
846 759 1153 801 cardinalibus
1169 761 1264 802 suis
1278 775 1288 813 3
1326 774 1465 816 prop-

205 832 276 868 ter
318 828 440 880 quod
475 827 742 881 impetravit
778 831 940 867 contra
977 826 1230 868 Ricardum
1261 828 1462 880 priorem

203 893 581 942 Dunolmensem‚
602 892 725 946 quod
756 904 879 946 papa
910 892 997 933 sibi
1020 892 1248 933 commisit
1267 898 1315 934 et
1337 892 1465 936 dedit

203 960 244 1000 ei
272 972 429 1000 curam
460 964 507 1001 et
537 959 791 1000 custodiam
824 958 967 1000 totius
997 958 1265 999 monasterii
1285 959 1465 1000 Dunol-

202 1026 385 1075 mensis,
400 1031 494 1067 tam
509 1025 556 1066 in
571 1024 903 1078 temporalibus
919 1036 1057 1077 quam
1070 1024 1116 1065 in
1130 1023 1462 1078 spiritualibus.

199 1091 504 1145 Suggesserat
535 1091 656 1132 enim
692 1103 844 1145 papae,
878 1090 1000 1143 quod
1026 1090 1152 1144 prior
1185 1089 1469 1133 insufficiens-

199 1164 299 1199 erat
324 1159 381 1199 ad
411 1158 659 1211 regendum
685 1162 858 1198 statum
888 1156 1093 1198 ecclesiae
1119 1156 1461 1200 Dunolmensis.

204 1224 531 1279 Reversusque
571 1237 719 1266 novus
750 1223 1015 1278 patriarcha
1051 1227 1098 1264 et
1140 1223 1385 1277 episcopus
1415 1224 1462 1265 in

202 1290 421 1344 Angliam
464 1304 567 1332 cum
603 1303 774 1344 magna
807 1290 973 1343 gloria,
1006 1289 1115 1331 fecit
1154 1289 1318 1330 deferri
1353 1295 1464 1332 ante

202 1370 305 1398 eum
329 1371 510 1399 crucem
527 1362 795 1410 argenteam
812 1361 859 1398 et
871 1355 1141 1397 deauratam
1154 1368 1256 1396 cum
1279 1355 1460 1397 duabus

200 1424 399 1466 brachiis
433 1437 492 1465 ex
527 1429 806 1472 transverso,
842 1430 890 1463 et
929 1422 1130 1475 imagine
1161 1421 1371 1463 crucifixi
1413 1422 1460 1464 in

200 1490 364 1531 medio.
435 1489 766 1542 Commisitque
790 1489 914 1530 vices
940 1500 1049 1529 suas
1076 1488 1212 1529 certis
1237 1488 1461 1542 personis,

201 1557 281 1610 qui
320 1556 419 1598 vice
461 1561 508 1597 et
559 1556 741 1597 nomine
786 1567 872 1596 suo
919 1566 1077 1595 curam
1119 1559 1166 1595 et
1205 1555 1460 1596 custodiam

198 1622 402 1664 ecclesiae
433 1622 760 1663 Dunolmensis
795 1620 1132 1662 committerent
1165 1619 1369 1662 Henrico
1402 1619 1460 1663 de

199 1689 387 1743 Luceby
414 1687 853 1742 pseudo-monacho,
885 1699 1022 1740 quem
1050 1685 1326 1740 aliquotiens
1355 1686 1459 1728 loco

197 1756 362 1810 prioris
382 1759 394 1777 ‘
410 1754 711 1809 praefecerat,’
728 1753 739 1775 ¹
761 1758 814 1795 ut
837 1752 1107 1807 praedictum
1129 1758 1216 1794 est.
1278 1751 1460 1803 Quibus

198 1835 301 1864 cum
325 1822 427 1876 ipso
452 1822 658 1863 Henrico
681 1820 847 1862 ibidem
868 1819 1173 1870 venientibus,
1194 1819 1462 1862 clauserunt

197 1888 408 1930 monachi
439 1893 597 1942 portas
635 1892 682 1929 et
714 1887 877 1929 valvas
915 1885 1138 1936 ecclesiae,
1171 1885 1460 1940 appellantes

198 1955 256 1997 ad
285 1967 469 2009 papam,
495 1960 542 1996 et
576 1954 866 1996 ostendentes
902 1952 1235 2006 protectionem
1267 1953 1460 2005 regiam,

199 2035 291 2076 qua
319 2034 397 2062 eos
429 2024 694 2074 susceperat
729 2032 813 2060 rex
847 2018 896 2059 in
930 2018 1192 2059 defensione
1221 2030 1322 2059 sua.
1393 2016 1461 2059 At

196 2088 264 2129 illi
295 2087 744 2128 excommunicantes
770 2084 1020 2126 monachos
1049 2088 1270 2136 tanquam
1301 2084 1460 2124 inobe-

199 2155 381 2195 dientiae
411 2153 546 2202 filios,
570 2155 873 2194 recesserunt.
945 2149 1082 2201 Quod
1114 2162 1218 2190 cum
1255 2149 1462 2191 audisset

199 2234 300 2270 rex,
319 2220 464 2261 iratus
486 2225 572 2268 est,
591 2223 638 2260 et
662 2219 772 2272 quia
791 2230 881 2259 non
899 2216 1163 2257 detulerant
1182 2212 1458 2269 protectioni

201 2300 315 2335 suae,
333 2287 473 2327 immo
491 2286 592 2338 ipso
605 2284 867 2338 irrequisito
883 2281 1131 2323 monachos
1145 2283 1461 2323 excommuni-

202 2357 436 2402 caverant,
467 2351 610 2405 jussit
643 2363 721 2392 eos
748 2350 833 2391 sub
867 2347 1221 2402 manucaptione
1257 2360 1342 2389 suo
1377 2348 1468 2389 tri-'

201 2419 357 2460 bunali
394 2418 623 2467 assistere,
658 2422 706 2459 et
741 2428 894 2457 coram
922 2414 1196 2469 justiciariis
1230 2413 1278 2454 in
1313 2414 1464 2455 banco

200 2487 323 2538 regis
355 2484 645 2538 respondere.
715 2481 1136 2534 ‘Transieruntque
1157 2480 1220 2521 ibi
1254 2492 1345 2520 non
1382 2492 1466 2533 per

200 2552 351 2605 ignem
385 2557 431 2592 et
464 2563 649 2604 aquam,
671 2550 809 2590 immo
840 2560 923 2601 per
949 2552 1195 2599 argentum
1217 2551 1264 2587 et
1283 2558 1465 2596 aurum,

202 2619 267 2660 et'
280 2616 296 2639 ²
317 2623 423 2671 post
443 2617 627 2669 longam
656 2615 945 2657 vexationem
976 2625 1059 2667 pro
1080 2611 1319 2654 voluntate
1342 2609 1466 2666 regis

252 2809 261 2828 ¹
286 2812 296 2830 ‘
311 2811 523 2852 praefixerat,'
540 2811 615 2842 MS.
632 2810 756 2842 Lansd.
852 2834 885 2863 et
898 2782 1468 2870 ἓὲἷᾘῗΐξῗῗῶῗῗὲὲξὲἷιὲῃεω

1217 2895 1284 2924 82

1506 445 1625 472 Edward
1638 447 1662 473 1.

1495 479 1530 505 A.
1544 480 1579 505 D.
1593 482 1668 506 1305.

1481 533 1638 561 Ecclesias-

1484 567 1550 594 tical
1562 569 1664 595 affairs.
