2038 3306
298 448 417 474 Edward
439 448 463 474 1.

288 482 379 521 ALD.
396 482 469 507 1298.

281 519 384 564 Auim-
397 539 429 563 or

281 572 423 597 Scotland.

499 324 584 364 156
996 331 1273 363 cunomcon

500 436 622 479 omni
654 434 947 477 cavillatione
965 435 1191 484 venirent,
1212 435 1414 489 alioquin
1446 441 1616 477 extunc
1638 435 1765 478 velut

500 503 656 544 hostes
700 501 873 555 publici
918 505 1200 542 tenerentur.
1275 500 1350 543 Ad
1395 514 1533 555 quam
1577 502 1762 555 quidem

498 569 616 609 diem
662 571 978 608 convenerunt
1018 566 1209 608 comites
1252 567 1399 608 nostri
1448 568 1526 609 isti
1571 567 1762 617 scilicet,

498 646 652 675 comes
683 633 739 673 de
761 632 999 674 Warenna
1033 632 1112 685 qui
1140 632 1291 673 locum
1322 632 1446 685 regis
1476 637 1637 673 tenens
1657 646 1761 686 per-

496 712 654 740 sonam
694 698 842 752 ipsius
872 698 1184 751 praesentabat
1214 698 1262 738 in
1293 697 1396 747 hoc,
1427 709 1579 739 comes
1614 697 1759 739 Glou-

496 765 692 813 cestriae,
737 776 837 805 cum
883 763 1119 805 comitissa
1162 775 1308 805 uxore
1349 776 1436 804 sua
1484 762 1583 804 filia
1623 764 1762 816 regis,

495 843 648 872 comes
684 829 1001 878 marescallus,
1033 842 1185 871 comes
1209 828 1577 878 Herefordensis,
1608 841 1760 870 comes

496 896 553 937 de
575 895 818 945 Arundell,
854 901 901 936 et
938 894 1119 949 Gwydo
1156 895 1275 936 filius
1306 895 1485 936 comitis
1515 894 1572 936 de
1596 894 1759 936 Ware-

496 961 603 1015 wyk
638 961 783 1015 patris
823 960 974 1002 locum
1014 966 1187 1002 tenens.
1260 961 1466 1002 Barones
1505 961 1643 1002 etiam
1679 961 1758 1002 isti

494 1027 669 1069 scilicet
704 1027 940 1068 Henricus
976 1027 1032 1068 de
1067 1026 1230 1080 Percy,
1260 1026 1500 1068 Johannes
1535 1026 1592 1067 de
1614 1025 1756 1076 Wak,

493 1092 524 1134 J
528 1093 732 1134 ohannes
747 1093 803 1133 de
822 1092 1042 1145 Segrave,
1061 1097 1106 1134 et
1122 1097 1361 1144 magnates
1377 1092 1574 1146 plurimi.
1617 1091 1755 1133 Com-

492 1159 817 1211 municatoque
870 1158 1063 1199 consilio
1115 1158 1361 1199 voluerunt
1410 1162 1461 1198 ut
1521 1162 1756 1198 constaret

492 1224 723 1265 communi
747 1223 920 1276 populo
941 1223 998 1264 de
1019 1223 1365 1264 confirmatione
1386 1223 1574 1275 Magnae
1600 1222 1755 1264 Cartae

491 1295 537 1331 et
566 1288 721 1330 Cartae
753 1289 810 1329 de
837 1288 1057 1340 Foresta;
1105 1289 1225 1330 unde
1254 1289 1376 1330 lecta
1411 1288 1587 1341 Magna
1612 1288 1755 1330 Carta

490 1368 594 1396 cum
617 1353 840 1396 Articulis
860 1354 1046 1395 insertis
1071 1367 1186 1407 quos
1207 1354 1574 1395 enumeravimus
1595 1367 1752 1407 supra,

492 1421 548 1462 de
583 1426 814 1474 praecepto
836 1433 990 1461 eorum
1025 1420 1323 1461 Carliolensis
1347 1420 1606 1473 episcopus,
1636 1434 1752 1474 pon·

491 1486 739 1527 tificalibus
783 1486 987 1537 indutus,
1032 1486 1518 1528 excommunicationis
1567 1492 1750 1527 senten-

492 1552 602 1593 tiam
622 1552 668 1592 in
691 1565 848 1593 omues
869 1552 969 1607 ejus
992 1552 1239 1594 violatores
1263 1552 1539 1593 fulminavit.
1612 1552 1750 1593 Cum-

494 1630 583 1671 que
618 1631 709 1659 non
732 1618 941 1659 venirent
973 1617 1098 1659 Scoti
1139 1631 1289 1671 neque
1320 1619 1570 1667 mitterent,
1600 1623 1749 1659 statu-

489 1688 624 1724 erunt
664 1688 718 1724 ut
755 1684 802 1723 in
847 1684 1024 1724 octavis
1058 1685 1357 1736 sequentibus
1392 1684 1512 1737 apud
1552 1683 1749 1725 -Novum

491 1748 703 1790 Castrum
735 1762 875 1802 super
902 1749 1081 1802 Tynam
1120 1750 1266 1790 omnis
1306 1755 1623 1790 numeraretur
1664 1764 1746 1804 po-

489 1814 626 1867 pulus
647 1814 890 1868 expeditus
909 1815 966 1856 ad
993 1828 1211 1868 pugnam,
1232 1820 1277 1856 et
1304 1816 1370 1856 sic
1394 1816 1614 1856 continuo
1637 1829 1743 1869 pro-

490 1879 726 1922 cederetur
760 1881 806 1921 in
847 1881 1016 1922 hostes.
1088 1880 1338 1922 Venientes
1378 1886 1531 1922 autem
1561 1882 1746 1932 ibidem,

489 1952 843 1988 numeraverunt
877 1947 1095 1999 populum
1134 1947 1430 1998 universum3
1472 1952 1517 1988 et
1558 1948 1747 1990 inventa

490 2017 601 2052 sunt
624 2012 715 2052 duo
741 2012 882 2053 millia
903 2025 1122 2065 equorum
1145 2018 1425 2053 armatorum
1453 2026 1554 2054 cum
1587 2026 1747 2055 ascen—

488 2077 669 2118 soribus
690 2077 865 2127 electis,
886 2082 933 2118 et
957 2077 1148 2118 aliorum
1171 2078 1474 2131 equitantium
1502 2079 1746 2132 plusquam

488 2142 611 2183 mille
641 2142 842 2192 ducenti,
878 2143 1081 2196 peditum
1113 2148 1267 2185 autem
1297 2157 1400 2185 cum
1433 2144 1747 2186 Wallensibus

487 2208 729 2261 plusquam
746 2215 925 2250 centum
943 2209 1098 2250 millia.
1124 2209 1183 2250 Et
1196 2215 1516 2263 processerunt
1531 2211 1745 2253 continuo

488 2287 635 2327 usque
671 2274 728 2315 ad
762 2275 960 2315 confinia
991 2275 1250 2328 regionum,
1279 2280 1326 2317 et
1357 2276 1552 2329 singulis
1586 2277 1747 2318 diebus

488 2341 744 2392 augebatur
777 2353 935 2381 eorum
965 2353 1182 2382 numerus
1218 2346 1265 2382 et
1298 2342 1345 2382 in
1376 2341 1663 2395 pedestribus
1700 2348 1746 2384 et
1787 2334 1789 2336 ¹

488 2405 533 2445 in
554 2406 797 2459 equitibus.
846 2405 1052 2459 Cumque
1076 2407 1319 2448 scivissent
1344 2406 1471 2448 Scoti
1496 2408 1745 2449 adventum

489 2484 645 2511 eorum
684 2471 903 2521 validum,
943 2473 1207 2521 timuerunt,
1240 2477 1287 2513 et
1322 2472 1630 2526 relinquentes
1666 2475 1747 2515 ob-

489 2536 706 2577 sidionem
744 2538 881 2578 castri
915 2538 970 2578 de
994 2537 1286 2590 Rokesburg,
1319 2538 1439 2591 quod
1475 2539 1620 2580 multo
1644 2540 1743 2594 jam

489 2606 692 2654 tempore
761 2608 1142 2655 oppugnaverant
1206 2616 1259 2644 eo
1319 2604 1440 2656 quod
1502 2606 1745 2646 tenebatur

488 2667 651 2708 ibidem
689 2669 931 2722 episcopus
961 2668 1279 2720 Glasguensis,
1309 2669 1526 2721 fugeruut
1561 2684 1588 2710 a
1628 2670 1744 2711 facie

490 2731 773 2784 Auglorum:
816 2735 1103 2787 ingressique
1127 2741 1233 2776 sunt
1263 2736 1408 2775 nostri
1440 2741 1486 2776 et
1506 2736 1661 2777 villam
1698 2742 1744 2777 et

489 2804 705 2847 castrum,
738 2801 1027 2842 consolantes
1063 2801 1290 2850 obsessos,
1324 2806 1370 2842 et
1404 2801 1653 2844 vulneratis
1698 2809 1744 2844 et
