2038 3306
347 436 468 463 Edward
482 435 506 461 1.

343 471 378 495 A.
390 469 424 494 D.
438 469 512 494 1³0⁴.

340 1223 367 1247 1t
377 1228 489 1247 surren-

339 1256 412 1285 den,
426 1254 503 1280 Mon·

340 1289 404 1320 day,
413 1287 480 1319 July
490 1288 533 1314 20.

343 1809 405 1835 The
416 1809 515 1834 Coum

343 1843 374 1868 or
383 1841 483 1873 King'·

344 1875 440 1900 Bench
452 1875 506 1900 and

344 1908 511 1939 Exehequer

343 1941 475 1967 removed
488 1943 517 1966 to

343 1975 468 2000 Londou.

535 308 624 353 232
1028 317 1307 348 canonicos

541 432 772 464 murorum
801 419 1082 461 continuatis
1117 420 1314 472 ictibus;
1351 426 1398 462 et
1427 419 1576 462 adhuc
1610 434 1659 462 se
1689 421 1799 462 dare

542 487 787 529 noluerunt
824 485 1017 535 obsessi,
1055 485 1135 527 sed
1176 486 1367 528 viriliter
1410 485 1707 528 defenderunt
1752 500 1801 527 se

542 566 646 595 cum
669 551 891 594 machinis
911 551 1008 592 suis
1029 555 1076 593 et
1098 551 1267 593 multos
1287 551 1566 594 occiderunt.
1635 553 1664 595 J
1669 552 1804 593 ussit-

544 631 634 672 que
650 630 733 660 rex
753 616 896 658 indies
911 616 1090 671 impleri
1107 616 1284 658 fossata
1302 630 1405 658 cum
1426 617 1564 659 ramis
1585 623 1631 659 et
1651 617 1802 670 lignis.

547 683 635 726 Sed
685 682 768 732 illi,
810 683 917 736 igne
964 682 1193 736 apposito,
1244 682 1398 723 omnia
1443 683 1805 725 combusserunt.

549 748 877 802 Ordinatisque
905 748 1086 789 demum
1117 747 1339 789 machinis
1370 760 1451 801 per
1479 760 1595 801 quas
1619 755 1809 802 possent

549 827 704 857 muros
733 813 992 863 ascendere,
1022 813 1326 868 impleverunt
1364 813 1539 856 fossata
1578 813 1808 867 lapidibus

550 886 596 922 et
619 880 772 923 humo.
841 879 978 931 Quod
997 879 1200 922 videntes
1224 879 1399 921 obsessi
1415 879 1644 932 petierunt
1664 879 1806 921 vitam

551 952 597 988 et
620 946 824 987 membra
851 952 902 987 ut
926 945 1088 986 darent
1115 957 1182 995 se,
1209 951 1255 986 et
1285 945 1371 986 hoc
1403 945 1577 986 iteratis
1603 945 1804 996 vicibus;

550 1012 632 1053 sed
662 1025 752 1054 non
787 1011 963 1053 audivit
992 1023 1070 1052 eos
1098 1023 1197 1060 rex,
1231 1023 1314 1052 nec
1352 1010 1511 1052 audire
1546 1010 1691 1052 voluit
1720 1011 1807 1052 nisi

552 1090 647 1119 suae
683 1077 846 1130 gratiae
878 1082 924 1118 et
958 1089 1144 1118 suorum
1182 1076 1357 1130 judicio
1392 1089 1441 1117 se
1481 1089 1602 1117 mere
1642 1089 1808 1129 suppo-

551 1149 727 1185 nerent.
796 1141 1178 1195 Distuleruntque
1202 1142 1260 1183 ad
1281 1147 1477 1195 tempus,
1502 1147 1694 1182 mortem
1718 1155 1811 1183 me-

553 1214 766 1259 tuentes;
821 1207 1004 1249 tandem
1064 1220 1171 1248 vero
1219 1207 1419 1256 attoniti,
1468 1219 1550 1248 nec
1602 1206 1808 1248 valentes

552 1273 744 1315 ulterius
773 1274 1015 1322 sustinere,
1045 1271 1267 1314 dederunt
1302 1286 1352 1314 se
1383 1272 1546 1325 gratiae
1587 1273 1724 1326 regis,
1762 1278 1808 1314 et

552 1344 752 1380 castrum
784 1338 1079 1380 reddiderunt
1109 1337 1181 1378 die
1203 1338 1386 1380 Sanctae
1419 1337 1698 1391 Margaretae
1719 1338 1810 1379 vir-

553 1405 673 1458 ginis
727 1404 835 1446 auni
885 1403 1238 1457 subsequentis,¹
1286 1404 1518 1458 jussitque
1561 1417 1639 1445 eos
1682 1404 1813 1445 salvo

554 1470 776 1512 custodiri
816 1483 961 1523 usque
1015 1469 1072 1510 ad
1118 1469 1469 1522 parliamentum
1509 1482 1643 1511 suum
1691 1469 1812 1511 Lon·

555 1536 736 1584 doniis;
786 1540 833 1577 et
863 1540 995 1576 erant
1030 1535 1076 1575 in
1112 1548 1300 1576 numero
1330 1535 1573 1590 plusquam
1605 1546 1736 1586 CXL„
1766 1540 1812 1578 et

558 1601 716 1643 traditi
736 1606 845 1642 sunt
863 1601 1122 1643 carceribus
1146 1613 1227 1653 per
1250 1601 1432 1643 diversa
1449 1601 1565 1643 loca.
1637 1601 1812 1643 Rever-

560 1679 730 1720 susque
754 1671 824 1708 est
847 1679 930 1708 rex
953 1679 1056 1707 cum
1078 1666 1286 1716 victoria,
1307 1666 1495 1708 tendens
1526 1666 1584 1707 ad
1608 1672 1814 1708 austrum

560 1745 641 1785 per
664 1732 811 1774 dietas
834 1731 1050 1785 pervalde
1073 1731 1291 1781 modicas,
1315 1738 1361 1773 et
1387 1733 1534 1774 tenuit
1565 1731 1815 1774 Lincolniae

561 1797 733 1839 Natale
763 1797 948 1839 Domini
971 1810 1074 1838 cum
1112 1810 1289 1838 summo
1323 1798 1503 1841 honore.
1574 1797 1816 1853 Jussitque

558 1863 605 1904 in
644 1863 874 1905 redeundo
912 1862 1033 1916 quod
1063 1862 1313 1916 justiciarii
1352 1865 1423 1906 sui
1467 1864 1522 1905 de
1565 1865 1727 1913 banco,
1770 1870 1816 1907 et

550 1929 839 1971 scaccarium
856 1941 988 1969 suum
1001 1941 1103 1969 cum
1119 1929 1265 1970 banco
1288 1929 1484 1983 integro,
1504 1943 1606 1983 quae
1623 1930 1720 1983 jam
1735 1944 1818 1984 per

558 2001 734 2047 septem
764 2007 923 2044 annos,
958 2007 987 2034 a
1032 1993 1149 2035 festo
1186 1994 1367 2036 Sanctae
1403 1994 1663 2037 Trinitatis²
1693 2009 1814 2038 anno

558 2060 747 2102 Domini
793 2070 1062 2102 M.ccxcvu.
1109 2072 1254 2113 usque
1306 2060 1351 2102 in
1397 2074 1596 2114 praesens
1643 2061 1813 2103 Natale

560 2125 763 2175 Domini,
785 2125 907 2180 apud
932 2125 1132 2167 Eborum
1162 2139 1265 2166 cum
1296 2127 1569 2168 cancellaria
1591 2140 1676 2168 sua
1698 2140 1816 2169 com-

560 2192 757 2233 muniter
799 2191 1028 2241 sederant,
1075 2191 1132 2233 ad
1182 2191 1642 2234 westmonasterium
1700 2193 1820 2234 Lon-

560 2257 707 2299 doniis
747 2261 1084 2299 reverterentur
1121 2262 1166 2299 et
1204 2258 1417 2308 redirent,
1453 2264 1498 2300 et
1539 2259 1710 2300 factum
1750 2264 1820 2308 est

557 2323 639 2364 ita.

611 2490 621 2509 ι
644 2491 715 2544 Th?
741 2501 902 2554 governor
926 2492 964 2524 οἱ
989 2493 1045 2524 the
1072 2492 1175 2524 casae
1257 2517 1269 2535 ²
1290 2516 1420 2556 Trinity
1445 2516 1581 2556 Sunday
1608 2518 1640 2548 in
1665 2518 1719 2548 the
1744 2529 1824 2558 year

565 2547 636 2568 was
662 2538 809 2568 William
837 2537 992 2577 Olyfard.
1040 2539 1176 2578 Rymer,

565 2584 587 2617 i.
603 2586 687 2622 9653
712 2583 955 2625 Walsingham‚
970 2587 1023 2617 39·
1211 2563 1293 2594 1297
1309 2562 1468 2594 occurred
1483 2563 1573 2594 June
1591 2566 1622 2595 9.

2030 18 2038 157 ..Ax-U..

2029 599 2038 630 Δ-»ι
2033 583 2038 589 -
2032 459 2038 574 nunnus-n».
2032 386 2038 447 unt-v.
2037 365 2038 369 Α
2022 313 2025 316 ⁴
