2038 3306
320 442 439 468 Edward
453 443 477 469 1.

316 476 352 501 A.
362 476 398 502 D.
412 477 487 502 1301.
519 497 528 505 ,

304 532 466 558 Dissenslon

513 317 599 359 216
1001 328 1281 359 cHRomcoN

515 431 730 473 inductus
755 445 836 486 per
868 433 962 473 vim
996 437 1042 474 et
1066 437 1253 482 metum,
1278 433 1357 486 qui
1388 436 1572 486 possent
1609 429 1770 471 cadere

515 510 562 538 1n
618 498 1042 539 constantissimum
1101 499 1267 548 virum,
1320 498 1554 551 adquievit
1613 508 1770 538 eorum

302 566 489 591 betweenthe
516 563 719 613 consilio,
742 569 788 605 et
810 564 857 604 in
880 577 1061 605 manum
1087 564 1289 617 episcopi
1311 569 1482 604 statum
1506 562 1770 616 resignavit.

302 598 408 628 Bishop
421 599 475 624 and

303 631 382 656 Prior
393 632 425 656 of

302 664 439 690 Durham.

302 772 363 798 The
374 773 449 804 prior

302 813 415 838 escapes

302 840 356 864 and
370 839 481 871 appeals

303 875 332 897 to
345 873 444 898 Rome.

300 2092 360 2116 The
374 2093 448 2123 Pope

302 2125 371 2150 cites
384 2126 433 2150 the

303 2158 409 2189 bishop.

304 2190 374 2215 Nov.
387 2192 428 2217 12.

519 628 829 683 Placatusque
869 635 939 671 est
974 630 1232 683 episcopus,
1274 634 1320 670 et
1353 628 1496 683 jussit
1535 633 1586 669 ut
1616 628 1770 669 mitius

517 700 731 747 ageretur
775 708 877 736 cum
924 708 991 736 co.
1063 695 1378 747 Redditusque
1422 699 1494 735 est
1538 693 1773 742 fratribus,

518 765 563 801 et
594 761 783 814 aliquali
814 761 978 802 solatio
1003 765 1247 802 recreatus.
1319 760 1407 801 Die
1439 772 1546 801 vero
1573 759 1772 812 quadam

517 825 624 866 dum
645 827 901 880 spaciatum
931 827 1018 868 iret
1048 840 1150 868 cum
1175 826 1410 875 fratribus,
1433 831 1480 867 et
1500 825 1773 879 quibusdam

517 893 798 934 secularibus
827 893 883 933 ad
915 893 1059 946 ipsius
1083 892 1337 934 custodiam
1368 892 1616 945 deputatis,
1631 891 1773 945 juxta

516 963 702 1011 pontem
734 959 788 999 de
814 958 1159 1012 Stynclyvethe,
1183 971 1288 999 ecce
1313 962 1536 999 venerunt
1559 962 1772 1011 parentes

517 1024 589 1065 sui
610 1031 655 1066 et
674 1025 807 1065 amici
829 1038 931 1066 cum
952 1038 1088 1066 manu
1113 1030 1305 1074 armata,
1327 1028 1374 1065 et
1394 1028 1646 1077 rapuerunt
1668 1036 1771 1064 eum

517 1103 621 1130 cum
655 1091 846 1144 impetn,
886 1091 1187 1144 conversique
1221 1095 1330 1131 sunt
1366 1102 1523 1130 omnes
1560 1089 1772 1130 custodes

517 1156 617 1210 ejus
640 1162 905 1206 retrorsum,
926 1156 1252 1208 festinavitque
1275 1168 1357 1196 nec
1381 1155 1573 1196 multum
1599 1154 1773 1207 quievit

517 1221 662 1263 donec
697 1222 872 1262 veniret
912 1222 969 1263 ad
1003 1220 1208 1271 curiam,³
1244 1220 1511 1262 beneficium
1547 1219 1775 1261 Bonifacii

517 1299 650 1340 papae
674 1287 916 1339 petiturus.
988 1286 1080 1337 Qui
1102 1286 1348 1327 clementer
1378 1299 1480 1327 eum
1504 1280 1774 1339 suscipiens,

517 1357 563 1393 et
578 1352 887 1393 misericordia
899 1356 1093 1406 paterna
1105 1353 1380 1402 confortans,
1398 1352 1573 1393 audivit
1586 1351 1775 1392 indilate

517 1430 703 1459 causam
734 1419 896 1472 ipsius,
930 1431 983 1459 eo
1013 1418 1134 1471 quod
1164 1418 1336 1460 clamor
1370 1416 1615 1471 ‘ingens'2
1645 1417 1773 1471 prius

518 1485 788 1525 ascenderat
807 1485 862 1525 ad
885 1497 1019 1525 aures
1035 1483 1149 1538 ejus.
1212 1484 1271 1525 Et
1289 1484 1398 1538 quia
1414 1496 1562 1525 annus
1584 1488 1683 1524 erat
1695 1483 1773 1537 ju-

517 1549 678 1600 bileus,
694 1550 867 1592 scilicet
885 1551 1244 1600 trecentesimus,
1261 1555 1307 1591 et
1321 1550 1598 1591 remissionis
1611 1561 1773 1602 pecca-

517 1616 702 1665 minum,
740 1621 1063 1657 concurrerant
1093 1616 1156 1657 ibi
1189 1616 1492 1656 innumerosae
1523 1619 1682 1667 gentes
1713 1628 1772 1655 ex

518 1682 745 1723 universis
781 1683 915 1723 terris
948 1682 1150 1723 omnium
1184 1682 1433 1734 regionum,
1470 1680 1772 1734 productique

518 1752 626 1788 sunt
650 1752 791 1788 testes
827 1761 885 1788 ex
917 1748 1045 1801 ipsis,
1077 1753 1171 1788 tam
1207 1747 1359 1788 clerici
1386 1760 1522 1800 quam
1553 1746 1672 1796 laici,
1695 1746 1773 1799 qui

519 1818 626 1854 ante
658 1826 883 1854 recessum
919 1827 1051 1854 suum
1087 1813 1143 1854 de
1164 1812 1334 1865 Anglia
1366 1813 1587 1866 praedicta
1617 1811 1772 1853 audie-

519 1886 622 1920 rant
662 1889 708 1920 et
750 1879 960 1920 viderant
1001 1879 1185 1921 oculata
1224 1879 1328 1920 fide.
1418 1878 1772 1930 Restitutusque

517 1949 588 1985 est
618 1958 698 1998 per
728 1958 894 1998 papam
928 1945 984 1985 ad
1028 1945 1195 1993 omnia,
1235 1950 1280 1985 et
1319 1944 1395 1986 ille
1432 1944 1664 1985 Henricus
1695 1944 1775 1997 qui

516 2011 768 2063 prioratum
793 2016 1099 2064 occupaverat
1131 2011 1304 2064 pseudo
1326 2016 1394 2051 est
1419 2010 1668 2051 monachus
1692 2023 1774 2050 no·

518 2077 728 2118 minatus.
799 2077 1107 2130 Decrevitque
1140 2089 1262 2130 papa
1291 2075 1388 2117 fore
1423 2076 1655 2117 citandum
1683 2076 1774 2129 epi-

517 2154 725 2196 scopum;
759 2147 805 2184 et
819 2135 1121 2196 personaliter
1137 2147 1327 2183 vocatus
1343 2146 1427 2191 est,
1441 2147 1492 2183 ut
1508 2142 1554 2182 in
1572 2142 1772 2182 crastino

516 2209 664 2249 sancti
691 2209 881 2250 Martini
912 2213 1210 2262 compareret,
1243 2220 1544 2261 responsurus
1569 2220 1701 2260 papae
1726 2212 1774 2248 et

515 2273 655 2325 priori
679 2277 691 2295 ‘
709 2275 865 2328 super’
881 2273 896 2296 ³
917 2275 1191 2327 quibusdam
1213 2274 1429 2315 canonice
1450 2272 1772 2327 proponendis,

517 2338 690 2380 Contra
730 2353 864 2393 quem
905 2340 1086 2394 quidem
1126 2340 1244 2380 diem
1285 2340 1494 2380 dominus
1534 2339 1775 2393 episcopus

514 2407 735 2457 praemisit
775 2406 935 2455 multa,
971 2410 1017 2446 et
1056 2410 1300 2459 postquam
1333 2411 1521 2446 venerat
1557 2404 1774 2458 exposuit

514 2471 706 2525 majora,
739 2472 1031 2524 vicissimque
1062 2471 1308 2523 litigabant
1346 2484 1482 2524 super
1512 2470 1774 2518 homicidio,

513 2536 841 2590 dilapidatione
873 2542 918 2578 et
949 2536 1052 2578 aliis
1074 2537 1348 2590 quibusdam
1371 2536 1632 2577 enormibus
1661 2536 1775 2576 arti-

558 2678 566 2696 ¹
591 2680 661 2711 The
677 2681 771 2720 royal
783 2681 910 2711 licence
920 2683 953 2712 to
968 2680 1023 2711 the
1034 2680 1125 2719 prior
1159 2690 1203 2711 m.
1219 2682 1274 2719 23,
1290 2679 1344 2710 De
1370 2680 1581 2710 Protectione
1595 2690 1603 2718 ;
1629 2680 1776 2720 Prynne,

510 2728 543 2755 to
568 2736 609 2764 go
635 2729 668 2757 to
695 2727 751 2758 the
779 2730 874 2758 court
898 2727 935 2757 of
962 2727 1066 2757 Rome
1094 2727 1124 2757 is
1161 2726 1252 2757 Hist.
1269 2728 1345 2756 912.

510 2770 611 2801 dated
636 2775 670 2802 at
696 2773 835 2804 Lincoln
861 2783 903 2803 on
930 2772 985 2803 the
1016 2775 1066 2803 lst
1091 2772 1129 2803 os
1206 2770 1218 2789 ²
1241 2771 1408 2811 ‘urgens‚'
1425 2771 1502 2803 MS.
1519 2771 1643 2803 Lansd.

511 2816 642 2857 March,
655 2821 747 2849 1301.
765 2819 978 2850 Rot.Pat.29
987 2819 1123 2850 Edw.1.
1207 2816 1219 2835 ³
1242 2819 1250 2835 ‘
1265 2817 1353 2858 sub,'
1370 2818 1446 2849 MS.
1465 2817 1588 2849 Lansd.
