2038 3306
560 317 648 359 350
1053 333 1329 366 cnaomcon

348 442 546 502 Eg'ss‘ffly·
563 437 894 486 gravarentur;
956 434 1171 488 quodque
1223 436 1446 479 bellorum
1501 443 1693 481 eventus
1750 446 1821 483 est

350 493 415 557 Bu'„
427 493 459 557 ἑ,
473 494 547 565 pff
563 499 744 549 dubius,
774 503 820 540 et
857 498 1064 549 multum,
1089 500 1167 541 ubi
1202 501 1292 543 Dei
1326 503 1512 545 timetur
1543 505 1815 559 indignatio,

349 565 522 630 ξὲοξξξξξςί,
564 564 887 606 formidandus.
961 565 1167 619 Ideoque
1219 569 1391 620 regiam
1436 571 1819 622 magnificentiam

348 631 511 658 mmmm·
563 644 779 685 rogamus
807 631 854 672 in
881 630 1082 672 Domino
1115 633 1352 683 attentius,
1379 639 1425 676 et
1459 634 1709 686 hortamur,
1751 638 1815 678 ni-

563 698 808 740 hilominus
860 709 942 750 per
981 696 1070 738 Dei
1112 698 1467 741 misericordiam
1509 701 1817 754 obsecrantes,

564 765 781 818 quatinus
802 763 1040 817 praemissa
1060 767 1106 804 et
1129 763 1221 805 alia
1241 777 1345 818 quae
1369 771 1558 818 possunt
1580 779 1818 810 occurrere

563 828 957 884 circumspectioni
998 829 1136 881 regiae
1179 831 1226 871 in
1284 830 1370 871 hac
1410 837 1541 885 parte
1580 832 1818 875 revolvens

562 897 682 938 infra
724 896 973 937 claustrum
1017 894 1132 947 regii
1165 896 1380 949 pectoris,
1421 901 1467 938 et
1502 897 1729 939 deducens
1769 899 1816 940 in

562 968 740 1004 exactae
776 959 1117 1002 deliberationis
1151 974 1362 1011 examen,
1392 961 1450 1002 ad
1483 962 1815 1006 reformandam

562 1041 720 1082 pacem
751 1041 855 1070 cum
890 1037 998 1078 rege
1035 1027 1226 1078 praefato
1249 1027 1323 1068 vel
1355 1033 1540 1080 treugas
1577 1028 1817 1080 ineundas,

562 1100 615 1136 ut
663 1095 772 1144 tuis,
811 1092 1103 1134 dilectissime
1160 1091 1240 1141 fili,
1290 1097 1564 1146 tuorumque
1603 1095 1816 1136 obvietur

560 1159 791 1212 periculis,
831 1163 879 1199 et
915 1158 1033 1207 Deo,
1060 1158 1138 1210 qui
1171 1170 1329 1210 pacem
1365 1158 1515 1210 diligit
1547 1163 1594 1199 et
1627 1160 1674 1200 in
1707 1160 1816 1202 viris

560 1224 763 1278 pacificis
787 1223 1056 1272 delectatur,
1077 1223 1226 1275 magis
1260 1222 1459 1275 placeas,
1484 1228 1620 1277 teque
1653 1237 1815 1279 accep-

560 1290 721 1331 tiorem
740 1289 900 1330 Eidem
921 1287 1105 1338 efficias,
1126 1288 1326 1329 animum
1343 1288 1554 1330 habilites
1574 1290 1748 1343 regium
1766 1298 1813 1333 et

558 1354 764 1404 inclines,
808 1354 1077 1395 dilectorum
1130 1353 1325 1395 filiorum
1380 1359 1640 1396 nostrorum
1689 1355 1817 1398 Petri

562 1421 684 1462 tituli
723 1421 903 1462 Sanctae
941 1419 1157 1460 Praxidis
1192 1420 1459 1473 presbyteri,
1487 1428 1533 1461 et
1569 1421 1814 1464 Bertrandi

560 1486 745 1527 Sanctae
781 1485 946 1526 Mariae
980 1485 1027 1525 in
1060 1484 1238 1538 Aquiro
1278 1484 1474 1536 diaconi,
1499 1487 1814 1539 cardinalium,

560 1552 826 1605 apostolicae
872 1551 993 1592 sedis
1035 1550 1321 1600 nunciorum,
1363 1551 1615 1593 zelatorum
1655 1554 1813 1606 utique

559 1617 674 1669 regii
694 1616 878 1658 honoris
911 1621 957 1657 et
985 1616 1226 1666 commodi,
1251 1629 1366 1669 quos
1388 1616 1558 1658 dudum
1579 1617 1638 1658 ad
1659 1624 1813 1671 partes

557 1682 678 1731 illas,
699 1686 886 1735 propter
915 1695 984 1731 ea,
1009 1681 1065 1722 de
1093 1681 1284 1722 consilio
1316 1681 1811 1735 fratrum'nostrorum,

557 1747 901 1796 destinavimus,
941 1747 1126 1788 monitis
1161 1752 1208 1788 et
1245 1746 1525 1788 salutaribus
1559 1749 1681 1790 circa
1712 1749 1810 1791 haec

559 1813 930 1866 persuasionibus
1000 1811 1298 1853 effectualiter
1373 1812 1666 1854 nihilominus
1732 1816 1812 1856 ad·-

558 1879 810 1931 quiescens.
878 1878 1000 1919 Sane
1029 1890 1133 1918 cum
1166 1882 1333 1931 praeter
1361 1890 1415 1919 ea
1445 1891 1548 1931 quae
1577 1880 1815 1932 praemissa

559 1948 681 1993 sunt,
706 1949 752 1985 et
779 1943 902 1997 quod
930 1942 1193 1997 hujusmodi
1217 1947 1264 1984 et
1296 1943 1398 1983 aliis
1417 1944 1665 1985 innumeris
1691 1948 1810 1999 peri-

559 2009 675 2050 culis
709 2021 768 2050 ex
803 2009 981 2061 guerris
1017 2008 1247 2061 praedictis
1277 2009 1631 2061 imminentibus,
1653 2012 1810 2054 obvia-

558 2087 607 2115 re
645 2074 907 2124 salubriter,
940 2078 988 2115 et
1029 2078 1081 2115 ut
1125 2074 1245 2115 inter
1280 2078 1342 2124 te,
1376 2074 1441 2115 fili
1478 2076 1806 2129 amantissime,

555 2140 819 2193 dictumque
850 2152 1021 2192 regem,
1047 2152 1171 2180 nexu
1203 2140 1460 2194 propinquo
1492 2142 1729 2194 sanguinis
1760 2150 1807 2186 et

554 2205 790 2247 affinitatis
814 2206 1126 2260 conjunctum,
1147 2206 1274 2258 pacis
1307 2206 1542 2259 plenitudo
1571 2212 1617 2248 et
1637 2213 1806 2252 mutuae

554 2272 760 2312 caritatis
805 2262 989 2313 dilectio
1028 2271 1230 2323 vigeant,
1271 2271 1399 2324 pacis
1441 2271 1807 2316 resormationem

553 2336 814 2391 hujusmodi
849 2337 1128 2379 ferventibus
1158 2336 1393 2378 desideriis
1430 2343 1737 2390 peroptamus,
1768 2342 1807 2382 si

553 2402 708 2443 forsan
748 2415 830 2456 per
871 2402 1054 2445 eosdem
1093 2402 1346 2443 cardinales
1385 2403 1443 2444 ad
1485 2416 1642 2456 pacem
1680 2405 1804 2447 illam

553 2468 719 2521 attingi
747 2481 838 2509 non
869 2468 1016 2522 possit
1043 2468 1090 2508 in
1120 2467 1210 2508 illis
1241 2468 1463 2520 partibus,
1494 2473 1651 2522 tuque,
1688 2483 1806 2523 prae-

552 2534 785 2574 carissime
818 2533 898 2585 fili,
919 2538 965 2575 et
995 2546 1078 2575 rex
1108 2533 1370 2586 praedictus,
1395 2546 1476 2574 vos
1506 2533 1563 2575 ad
1599 2540 1804 2577 mutuam

552 2598 845 2641 habilitantes
886 2598 1191 2649 concordiam,
1213 2598 1315 2639 Deo
1352 2598 1640 2651 placabilem,
1659 2600 1804 2642 homi-

551 2664 684 2705 nibus
708 2664 966 2714 amabilem,
992 2663 1330 2706 Christianitati
1350 2663 1525 2714 utilem,
1548 2676 1602 2705 ac
1623 2666 1803 2720 utrique

548 2734 749 2770 vestrum
814 2730 1129 2784 multipliciter
1168 2734 1488 2783 opportunam,
1547 2733 1804 2774 consentire

549 2794 799 2844 volueritis,
820 2800 872 2837 ut
894 2809 975 2838 nos
996 2796 1052 2838 ad
1085 2807 1245 2849 pacem
1274 2795 1421 2848 ipsam
1450 2794 1800 2846 reformandam,
