2038 3306
475 334 703 367 WAisrnm
737 334 798 365 on
829 334 1207 365 nnmmcnuncn.
1389 324 1475 366 411

211 438 440 492 aliquibus
471 439 620 490 factis,
640 441 768 494 ipsas
788 441 1075 494 provisiones
1103 453 1186 483 seu
1211 454 1475 495 processum
1494 449 1693 508 Effwssrdmlg·

211 516 368 545 earum
402 507 793 556 concernentibus,
833 507 1138 549 instrumenta
1176 507 1363 561 publica
1402 507 1477 549 vel
1538 501 1546 509 ’
1585 502 1591 507 ’
1675 499 1684 508 ’

210 570 498 622 prothocolla
541 571 738 622 faciatis,
772 585 856 613 nec
898 585 980 614 vos
1020 573 1099 614 alii
1135 573 1295 614 fideles
1330 574 1478 614 nostri

210 635 345 677 dictis
360 637 626 690 alienigenis
643 638 713 679 vel
727 651 883 679 eorum
898 639 1289 692 procuratoribus,
1298 639 1477 680 nunciis

212 707 292 743 aut
307 715 461 744 eorum
477 703 1010 757 substitutis‚delegatis,
1023 704 1353 758 subdelegatus,
1366 718 1476 746 exe-

212 770 464 819 cutoribus,
486 770 898 811 subexecutoribus
928 771 1119 811 notariis
1149 771 1196 811 in
1227 770 1313 811 hac
1345 775 1476 824 parte

212 835 430 887 pareatis,
446 835 519 876 vel
539 835 829 888 aliquatenus
846 836 1114 878 intendatis.
1186 835 1287 878 Nec
1304 849 1385 878 vos
1404 837 1476 878 vel

213 904 415 941 vestrum
434 900 601 954 aliquis
616 902 860 954 quicquam
879 902 926 942 in
943 902 1029 942 hac
1042 907 1175 955 parte
1191 902 1389 953 faciatis,
1405 902 1477 944 vel

213 966 498 1020 attemptetis
522 979 604 1019 per
625 979 709 1007 vos
731 966 806 1007 vel
841 965 959 1008 alios
981 967 1162 1020 publice
1188 967 1260 1008 vel
1284 968 1477 1018 occulte,

213 1031 334 1085 quod
381 1032 429 1073 in
469 1031 786 1086 praejudicium
824 1032 1063 1085 dignitatis
1095 1037 1142 1074 et
1176 1033 1295 1087 juris
1332 1034 1479 1075 nostri

211 1098 343 1150 regii,
385 1111 440 1139 ac
483 1098 824 1140 enervationem
871 1103 918 1140 et
961 1099 1305 1140 diminutionem
1341 1099 1478 1154 juris,

212 1169 486 1217 patronatus
539 1169 586 1206 et
627 1164 963 1215 advocationis,
1007 1165 1137 1206 nobis
1178 1170 1226 1206 et
1269 1165 1479 1207 fidelibus

211 1231 381 1271 nostris
418 1231 788 1284 competentium,
829 1231 975 1284 possit
1010 1230 1272 1284 aliqualiter
1311 1231 1478 1273 redun-

213 1295 336 1337 dare.
420 1296 577 1346 Teste,
619 1301 706 1338 etc.
751 1309 870 1338 anno
906 1302 961 1338 ut
1001 1297 1190 1351 supra.'’
1286 1297 1481 1352 Scripsit

214 1375 398 1415 quoque
462 1375 546 1403 rex
606 1363 951 1405 vicecomitibus
1002 1364 1087 1404 sub
1147 1363 1234 1404 hiis
1297 1364 1477 1406 verbis:

213 1432 243 1450 “
259 1428 365 1470 Rex
390 1429 493 1478 vic„
514 1434 603 1470 etc.
627 1428 929 1483 Praecipimus
961 1430 1061 1479 tibi,
1100 1428 1291 1471 firmiter
1325 1430 1476 1484 injun-
1496 1450 1557 1475 The
1570 1448 1670 1481 mnf.

215 1500 393 1547 gentes,
438 1495 560 1548 quod
609 1495 657 1535 in
699 1495 894 1548 singulis
942 1495 1054 1537 locis
1098 1495 1219 1537 infra
1259 1496 1479 1538 ballivam
1496 1483 1683 1542 ζῗιῗῗῆτξοὼε

216 1566 360 1611 tuam,
394 1561 472 1602 ubi
512 1560 730 1615 expedire
768 1561 954 1611 videris,
986 1561 1168 1615 publice
1205 1562 1479 1616 proclamari
1496 1549 1668 1614 32³3}ssssssssss

214 1631 261 1667 et
302 1640 362 1668 ex
392 1632 524 1680 parte
562 1631 723 1668 nostra
758 1627 948 1668 firmiter
979 1627 1190 1678 inhiberi,
1223 1627 1383 1680 facias,
1422 1642 1480 1670 ne
1496 1615 1679 1688 ζῖἷὲζιέἔεῖῃᾱ

215 1693 318 1746 quis
361 1692 676 1747 cujuscunque
716 1698 866 1734 status
901 1706 982 1735 seu
1015 1693 1290 1735 conditionis
1328 1694 1480 1745 fuerit,
1496 1683 1599 1741 ῗξῗῖξῗ
1598 1681 1690 1747 ζῖἔῖἐ.

215 1759 301 1800 sub
325 1759 457 1812 gravi
490 1758 783 1801 forisfactura
816 1763 975 1801 nostra
1006 1759 1125 1800 infra
1152 1773 1345 1813 regnum
1376 1773 1480 1802 nos·
1496 1748 1697 1808 ffissffifs‘h‘

215 1831 336 1866 trum
375 1824 557 1878 Angliae
598 1825 775 1867 deferat
812 1825 986 1875 literas,
1019 1825 1187 1876 bullas,
1222 1839 1480 1880 processuS,

216 1904 297 1932 seu
327 1891 632 1932 instrumenta
654 1891 827 1946 aliqua,
849 1892 980 1933 nobis
1011 1905 1093 1932 seu
1118 1893 1287 1945 populo
1322 1898 1482 1935 nostro

217 1957 565 2011 praejudicialia,
622 1969 703 1998 seu
764 1957 1009 2011 quicquam
1069 1957 1195 1998 aliud
1255 1958 1379 2012 quod
1435 1959 1483 2000 in

215 2023 450 2064 laesionem
483 2035 663 2064 coronae
694 2027 742 2064 et
777 2022 1018 2076 dignitatis
1049 2028 1235 2073 nostrae,
1267 2037 1348 2065 seu
1373 2024 1483 2066 dicti

216 2089 378 2143 populi
407 2090 552 2130 nostri
583 2088 902 2143 praejudicium
939 2089 1098 2130 cedere
1131 2089 1300 2139 valeat,
1336 2091 1484 2132 arc-hi-

219 2155 463 2209 episcopis,
487 2155 732 2209 episcopis,
754 2160 840 2196 etc.
862 2155 909 2195 in
943 2168 1086 2208 regno
1115 2160 1273 2197 nostro
1297 2155 1483 2210 Angliae

219 2221 482 2274 liberanda3
515 2226 562 2263 et
594 2221 715 2275 quod
751 2221 905 2262 nullus
939 2233 994 2262 ea
1023 2221 1179 2274 aliquo
1220 2221 1355 2264 modo
1386 2223 1483 2264 sine

220 2288 439 2328 mandato
460 2292 618 2329 nostro
640 2287 845 2341 speciali,
866 2287 953 2328 sub
978 2285 1270 2329 forisfactura
1289 2289 1482 2342 praedic-

219 2359 269 2395 ta
293 2354 493 2407 recipere
514 2358 780 2407 praesumat,
811 2358 858 2394 et
879 2365 1036 2395 omnes
1059 2366 1175 2407 quos
1197 2360 1356 2396 contra
1378 2368 1484 2408 pro-

219 2420 541 2461 clamationem
569 2424 615 2461 et
634 2420 950 2461 inhibitionem
973 2419 1232 2473 praedictas,
1251 2420 1483 2471 ‘literaS,'¹

222 2487 389 2536 bullas,
419 2499 677 2540 processus,
710 2499 792 2527 seu
820 2486 1124 2528 instrumenta
1147 2486 1321 2540 aliqua,
1355 2487 1485 2528 nobis

222 2565 303 2593 seu
339 2552 510 2606 populo
546 2557 704 2594 nostro
739 2551 1085 2606 praejudicialia,
1117 2565 1196 2593 seu
1239 2553 1486 2612 quicquam

222 2619 347 2660 aliud
380 2619 499 2673 quod
532 2619 578 2660 in
611 2619 755 2660 nostri
785 2631 867 2659 seu
893 2617 1052 2671 populi
1084 2619 1228 2660 nostri
1270 2615 1485 2674 praejudi-

222 2685 342 2725 cium
371 2685 532 2726 cedere
563 2684 716 2726 valeat
745 2684 1002 2725 deferentes
1034 2684 1315 2734 inveneritis,
1341 2699 1396 2727 ea
1429 2687 1487 2727 ab

220 2750 349 2804 ipsis,
375 2752 532 2804 capias
570 2757 617 2792 et
652 2763 848 2804 corpora
884 2750 1148 2804 hujusmodi
1186 2751 1487 2794 deferentium

659 2850 670 2871 ¹
695 2852 862 2892 Supplied
879 2852 963 2883 from
980 2853 1057 2885 Rot.
