2038 3306
491 303 717 335 WALTERI
751 303 812 334 DE
842 304 1222 336 HEMINGBURGH.
1378 295 1466 339 287

200 407 509 460 pravitatem?
581 407 716 457 Item,
749 408 858 460 quia
897 420 1036 461 super
1070 409 1220 461 primo
1260 409 1461 452 articulo

200 473 256 514 de
270 473 559 514 absolutione
574 473 876 527 impendenda
898 486 925 514 a
946 473 1081 522 laico,
1097 474 1232 516 multi
1251 474 1308 516 de
1325 475 1462 517 Tem-

198 539 358 592 plariis
393 539 628 593 deponunt
657 540 952 589 contrarium,
985 539 1203 590 dicentes,
1229 541 1350 594 quod
1381 555 1464 583 nec

202 618 397 658 magnus
423 605 645 658 magister
669 605 856 655 ordinis,
879 618 963 647 nec
983 605 1152 659 aliquis
1176 606 1294 648 alius
1319 607 1464 649 laicus

201 675 356 724 potest
380 671 618 713 absolvere
640 671 822 721 fratres,
842 684 926 712 nec
957 671 1274 724 poenitentiam
1299 673 1365 714 eis
1395 673 1465 715 in-

195 737 394 791 jungere
409 751 492 791 pro
511 738 727 791 peccatis.
768 736 1020 787 Quaeritur,
1037 750 1097 778 an
1117 737 1309 779 istorum
1324 738 1466 794 depo-

202 803 390 844 sitiones
406 803 574 845 tollant
585 804 659 845 vel
680 803 888 844 minuant
908 802 1219 856 depositiones
1237 803 1431 847 aliorum
1446 807 1465 846 'f

203 874 249 909 et
271 869 380 910 dato
395 869 519 922 quod
539 862 646 918 non,
668 882 727 909 an
748 868 811 909 sit
836 872 997 909 contra
1018 868 1134 909 alios
1155 871 1465 922 pronuncian-

204 934 330 984 dum,
364 939 412 975 et
445 947 527 987 per
557 946 694 987 quem
728 933 947 974 modum?
993 938 1039 974 et
1073 933 1112 974 si
1143 947 1234 975 non
1269 935 1331 976 sit
1365 950 1466 990 pro-

204 999 529 1048 nunciandum,
557 999 666 1052 quid
701 998 839 1039 fuerit
867 998 1157 1040 faciendum?
1212 999 1332 1041 Item
1364 1015 1466 1043 cum

203 1065 413 1106 dominus
447 1078 571 1119 papa
604 1065 652 1106 in
691 1065 787 1105 suis
824 1064 970 1106 literis
1009 1065 1298 1118 Templarios
1338 1067 1467 1109 diffa-

203 1135 355 1172 matos
384 1136 431 1172 et
454 1131 678 1172 violenter
708 1134 947 1183 suspectos
972 1130 1028 1171 de
1053 1130 1217 1172 haeresi
1238 1145 1338 1173 esse
1364 1147 1466 1187 per-

204 1197 374 1247 hibeat,
396 1201 442 1238 et
474 1197 644 1238 multos
679 1196 736 1237 de
770 1196 929 1237 ordine
953 1209 1132 1250 magnae
1159 1200 1466 1251 reputationis

203 1263 327 1304 viros
370 1276 524 1304 coram
558 1276 608 1304 se
650 1267 697 1303 et
735 1262 1045 1303 cardinalibus
1083 1275 1138 1304 ac
1173 1263 1276 1304 aliis
1310 1265 1467 1307 multis

203 1333 368 1382 sponte
394 1329 441 1370 in
467 1329 574 1383 jure
605 1328 840 1370 confessos
871 1328 1014 1370 fuisse
1048 1328 1172 1382 quod
1203 1329 1251 1370 in
1285 1331 1462 1383 profes-

203 1395 332 1436 sione
363 1407 449 1436 sua
487 1394 722 1436 Christum
752 1395 1000 1447 abnegant,
1027 1398 1074 1436 et
1101 1395 1149 1435 in
1178 1408 1358 1437 crucem
1383 1410 1464 1438 ex-

204 1466 394 1514 spuunt,
415 1466 503 1502 etc.
575 1460 637 1502 Et
658 1473 741 1514 per
761 1472 846 1501 nos
870 1460 1121 1502 examinati
1141 1461 1338 1503 confessi
1358 1468 1467 1504 sunt

204 1539 255 1568 se
290 1526 474 1568 credere
508 1526 631 1580 quod
661 1526 779 1567 idem
808 1530 880 1567 est
909 1526 1073 1567 modus
1105 1527 1351 1581 recipiendi
1374 1528 1466 1570 fra-

206 1597 299 1633 tres
317 1604 426 1633 suos
447 1596 494 1633 et
515 1591 813 1645 professionis
834 1591 1055 1632 faciendae
1079 1593 1265 1646 ubique.
1323 1593 1465 1645 Quae-

203 1657 333 1708 ritur,
348 1663 502 1699 utrum
525 1658 600 1699 isti
623 1670 707 1711 per
723 1670 806 1698 nos
828 1657 1080 1699 examinati
1101 1658 1391 1700 vehementer
1411 1661 1466 1701 de

203 1723 368 1765 haeresi
404 1724 498 1765 sint
536 1724 752 1777 suspecti,
795 1723 910 1764 adeo
946 1727 1014 1773 ut,
1049 1723 1136 1765 nisi
1172 1724 1376 1778 legitime
1415 1739 1466 1768 se

204 1790 518 1843 purgaverint,
533 1789 729 1831 debeant
747 1789 1140 1840 anathematizari,
1159 1790 1231 1832 vel
1247 1791 1286 1832 si
1308 1804 1337 1832 a
1356 1805 1465 1845 pur—

202 1856 388 1909 gatione
422 1856 515 1896 sint
545 1855 725 1896 exclusi
755 1860 943 1908 propter
973 1857 1341 1910 praesumptionis
1368 1859 1464 1899 vio-

203 1921 393 1963 lentiam
437 1926 598 1963 contra
636 1922 795 1974 ipsos?
867 1921 929 1962 Et
968 1922 1009 1962 si
1047 1922 1106 1962 ad
1144 1923 1464 1975 purgationem

204 1987 386 2028 admitti
422 1987 633 2037 debeant,
665 2000 748 2040 per
781 1999 898 2040 quas
933 1999 1154 2040 personas
1188 1988 1376 2030 valeant
1417 2002 1467 2030 se

204 2055 436 2106 purgare?
499 2053 634 2102 Item,
656 2065 716 2093 ex
747 2065 838 2105 quo
872 2052 951 2093 alii
983 2053 1115 2094 multi
1149 2058 1196 2094 et
1227 2055 1383 2106 magni
1410 2055 1466 2096 de

204 2119 363 2160 ordine
394 2118 721 2172 professionem
754 2118 1016 2159 haereticam
1046 2124 1155 2160 sunt
1185 2120 1400 2169 confessi,
1421 2126 1467 2161 et

204 2185 282 2226 isti
306 2185 469 2225 nolunt
499 2185 673 2237 absque
697 2184 936 2225 tormentis
956 2184 1284 2237 professionem
1307 2185 1465 2239 hujus-

205 2250 328 2292 modi
378 2250 603 2299 confiteri,
646 2250 885 2304 quaeritur‚
924 2262 983 2290 an
1033 2249 1126 2291 sint
1173 2252 1460 2304 Supponendi

204 2316 535 2370 quaestionibus
576 2320 622 2357 et
669 2315 921 2364 tormentis,
961 2315 1069 2356 licet
1108 2316 1194 2357 hoo
1236 2317 1284 2357 in
1321 2330 1465 2370 regno

205 2382 390 2435 Angliae
414 2394 640 2435 nusquam
663 2382 811 2423 visum
833 2381 972 2422 fuerit
991 2381 1063 2422 vel
1097 2382 1335 2423 auditum?
1406 2383 1467 2424 Et

204 2448 244 2488 si
276 2447 520 2502 torquendi
551 2448 658 2496 sint,
682 2452 833 2488 utrum
859 2460 940 2500 per
969 2446 1159 2488 clericos
1183 2448 1255 2488 vel
1287 2448 1463 2490 laicos?

205 2514 267 2555 Et
298 2514 408 2555 dato
446 2513 569 2568 quod
604 2512 759 2554 nullus
800 2513 984 2554 omnino
1024 2517 1171 2554 tortor
1206 2513 1360 2555 valeat
1397 2515 1466 2555 in-

207 2579 351 2621 veniri
389 2580 437 2620 in
473 2578 662 2632 Anglia,
694 2583 849 2620 utrum
882 2591 966 2632 pro
999 2579 1250 2620 tortoribus
1287 2580 1468 2621 mitten·

203 2646 312 2686 dum
356 2646 418 2687 sit
462 2646 519 2687 ad
567 2650 722 2698 partes
767 2644 1115 2694 transmarinas,
1166 2650 1214 2686 ut
1263 2645 1469 2699 praelatis

205 2711 332 2753 nulla
366 2711 648 2764 negligentia
677 2710 831 2752 valeat
866 2710 1117 2764 imputari?
1189 2711 1308 2753 Item
1345 2724 1469 2765 quae-

207 2778 427 2826 ritur‚⁴an
464 2790 602 2830 super
635 2777 753 2826 istis,
788 2776 862 2817 vel
894 2788 1051 2817 eorum
1082 2776 1326 2828 aliquibus,
1363 2782 1469 2818 ante

1496 421 1613 448 Edward
1627 423 1669 450 11.

1498 456 1533 480 A.
1545 456 1579 480 D.
1595 457 1671 482 1311.

1481 512 1604 537 Articles

1481 545 1654 575 concerning

1482 578 1531 602 the
1544 578 1628 603 Tem-

1481 611 1568 643 plats.
