2038 3306
490 293 711 325 WALTERI
745 293 807 324 DE
837 293 1214 326 HEMINGBURGH.
1397 283 1485 326 379

221 395 421 449 scriptis.
492 395 629 446 Item,
670 397 780 449 quia
826 397 1045 450 temporis
1087 396 1266 438 malitia
1305 396 1484 438 clericis
1502 410 1623 436 namra
1643 409 1701 435 111.

220 461 364 502 laicos
403 460 554 503 reddit
586 462 794 512 infestoS,
830 463 944 504 adeo
976 463 1098 516 quod
1133 463 1259 516 ipsos
1294 462 1485 516 capiunt
1501 443 1686 524 Βῒῃξίῃέἰῗῑ

222 531 269 567 et
292 527 495 568 detinent
515 528 698 576 invitos,
721 533 800 570 aut
824 542 915 582 quo
940 529 1169 570 voluerint
1193 529 1319 570 abire
1342 527 1483 569 libere
1501 531 1701 556 exommuni-

1500 565 1594 590 cation

222 605 313 634 non
336 593 635 645 permittunt;
669 607 752 635 nos
784 606 941 635 omnes
974 599 1021 636 et
1047 594 1257 647 singulos
1288 593 1482 636 clericos
1500 597 1675 629 ⁸8³1n⁸t¹¹20

1500 630 1634 655 violatura
1647 630 1679 654 of

223 663 270 699 et
309 658 452 699 laicos
495 664 666 700 nostrae
704 659 1051 719 cantuariensis
1083 660 1333 714 provinciae
1372 659 1481 700 sub·
1499 663 1686 722 gssssgigerflss

222 723 361 774 ditos,
392 725 471 777 qui
508 725 706 766 scientes
743 738 845 766 esse
879 725 1083 774 clericos,
1121 730 1168 766 et
1206 725 1389 779 publice
1428 737 1482 766 ac
1499 730 1626 756 cumen.

224 790 404 831 notorie
424 803 507 843 pro
528 790 704 832 clericis
728 790 908 832 habitos
928 795 974 832 et
995 795 1251 844 reputatOS,
1272 795 1319 832 et
1342 790 1481 832 etiam

222 868 272 896 se
305 861 518 908 gerentes
550 855 608 896 de
640 856 828 898 crimine
857 869 947 897 non
985 856 1234 906 confessos,
1261 869 1351 897 non
1376 868 1484 898 con-

224 922 390 970 victos,
437 933 522 962 nec
572 922 711 963 etiam
751 921 1012 971 indictatos‚
1053 921 1099 962 in
1149 921 1361 963 custodia
1409 922 1485 963 vel

225 998 408 1027 carcere
432 991 608 1039 ponunt
631 991 678 1028 et
698 986 904 1028 detinent
928 999 1046 1028 ausu
1068 987 1294 1040 sacrilego
1314 987 1486 1029 invitos

222 1052 463 1094 temerarie
483 1052 530 1093 in
562 1065 672 1094 casu
705 1065 733 1094 a
759 1052 865 1107 jure
887 1052 961 1094 vel
995 1053 1324 1095 consuetudine
1357 1053 1487 1106 regni

223 1116 411 1170 Angliae
458 1131 549 1160 non
595 1119 833 1171 permisso,
873 1119 922 1160 in
959 1119 1069 1160 cleri
1103 1118 1396 1172 opprobrium
1440 1124 1487 1161 et

223 1183 439 1238 injuriam
462 1184 768 1235 manifestam,
785 1185 973 1239 majoris
998 1184 1487 1226 excommunicationis

223 1250 454 1292 sententia
496 1263 524 1291 a
569 1263 744 1292 canone
785 1250 883 1292 lata
927 1250 977 1292 in
1010 1250 1096 1292 hac
1137 1255 1269 1305 parte
1311 1251 1488 1292 denun-

224 1316 398 1358 ciamus
432 1316 614 1369 publice
650 1321 697 1358 et
733 1317 998 1358 solemniter
1035 1317 1286 1359 involutos.
1351 1316 1487 1367 Item,

226 1395 382 1424 omnes
431 1387 479 1424 et
531 1383 701 1435 singuli
741 1383 821 1436 qui
872 1383 920 1424 in
963 1388 1122 1424 nostra
1163 1382 1487 1425 Cantuariensi

226 1449 466 1502 provincia
503 1449 643 1490 alicui
682 1449 755 1490 vel
790 1449 1023 1502 aliquibus
1064 1449 1235 1491 crimen
1271 1449 1389 1491 falso
1426 1460 1485 1491 ex

227 1515 319 1555 odii
373 1514 532 1556 fomite
597 1515 824 1557 malitiose
882 1515 1139 1568 imponunt,
1193 1528 1297 1556 cum
1347 1528 1488 1568 super

225 1581 415 1621 crimine
436 1581 502 1621 sic
522 1580 737 1633 imposito
758 1580 881 1634 apud
911 1581 1057 1622 bonos
1089 1586 1136 1622 et
1162 1593 1327 1634 graves
1356 1582 1488 1634 prius

225 1660 317 1688 non
333 1646 515 1687 fuerant
528 1646 755 1696 infamati,
774 1646 907 1700 cujus
924 1646 1227 1700 impositionis
1244 1646 1484 1688 occasione

223 1712 526 1766 quovismodo
579 1717 831 1765 graventur
874 1712 1063 1767 majoris
1113 1712 1484 1754 excommunica-

226 1779 362 1821 tionis
404 1779 635 1820 sententia
673 1778 721 1819 in
763 1778 971 1821 Concilio
1017 1777 1273 1820 Oxoniensi
1321 1783 1486 1820 contra

225 1845 530 1887 defamatores
566 1844 829 1898 hujusmodi
867 1857 896 1886 a
929 1845 1100 1886 sanctis
1147 1845 1355 1898 patribus
1397 1845 1484 1886 rite

224 1911 323 1953 lata
369 1911 463 1951 sint
500 1914 547 1951 et
587 1909 756 1952 fuerint
800 1910 1024 1960 innodati,
1070 1923 1125 1952 ac
1166 1910 1482 1964 delinquentes

226 1978 425 2018 scienter
451 1977 498 2018 in
529 1975 899 2029 archiepiscopos
937 1980 1018 2017 aut
1050 1975 1306 2029 episcopos,
1326 1981 1483 2029 patres

225 2043 505 2097 spirituales,
538 2041 711 2083 Christi
747 2041 944 2095 legatOS,
987 2041 1190 2083 ecclesiae
1229 2041 1483 2092 columnas,

226 2123 286 2151 ex
310 2109 535 2162 dignitate
556 2107 831 2150 offensorum
865 2107 1048 2161 culpam
1075 2107 1333 2161 graviorem
1362 2119 1483 2149 com-

226 2176 428 2224 mittant,
472 2174 587 2215 adeo
627 2173 750 2227 quod
799 2174 847 2215 in
891 2174 1018 2227 ipsos
1061 2173 1306 2214 acerbioris
1349 2173 1485 2216 debet

227 2240 556 2294 indignationis
576 2240 616 2281 si
636 2240 804 2293 poterit
833 2239 1021 2281 aculeus
1053 2240 1216 2281 merito
1246 2239 1482 2289 desaevire,

228 2308 504 2349 auctoritate
527 2319 621 2360 qua
640 2305 873 2359 fungimur
901 2318 1058 2346 omnes
1085 2310 1132 2347 et
1165 2305 1372 2358 singulos
1403 2306 1484 2359 qui

225 2375 273 2415 in
306 2378 465 2416 nostra
498 2372 735 2426 provincia
775 2371 1094 2413 Cantuariensi
1126 2370 1484 2425 archiepiscopo,

226 2440 300 2482 vel
322 2440 553 2493 episcopo,
570 2438 644 2480 vel
659 2438 737 2479 alii
752 2438 1008 2491 cuicunque
1021 2438 1190 2479 crimen
1212 2437 1485 2490 proditionis

228 2519 310 2547 seu
328 2505 452 2546 aliud
475 2504 796 2559 quodcunque,
814 2504 949 2553 falso,
967 2505 1176 2557 nequiter
1193 2508 1239 2544 et
1259 2503 1486 2545 malitiose

227 2572 449 2613 hactenus
483 2571 717 2624 imponere
750 2574 919 2611 temere
952 2582 1006 2611 ac
1029 2569 1211 2623 publice
1231 2580 1484 2624 praesump-

226 2639 371 2680 serint
406 2637 480 2679 vel
517 2637 564 2677 in
599 2636 803 2678 futurum
843 2637 1079 2689 imponent
1118 2640 1280 2677 contra
1314 2635 1486 2677 consti·

225 2705 449 2746 tutionem
483 2702 765 2756 praedictam,
797 2701 920 2744 dicta
953 2702 1139 2757 majoris
1171 2701 1486 2743 excommuni-

225 2770 419 2812 cationis
463 2770 694 2811 sententia
731 2770 777 2810 in
816 2768 1009 2822 praesato
1047 2767 1242 2811 concilio
1298 2767 1487 2822 proinde
