1992 3202
521 268 580 312 ¹78
1008 276 1289 309 01111οΝ10οΝ

327 394 446 422 mund
460 394 484 420 1-
524 383 816 439 panderetur.
887 380 1096 431 Interim,
1117 381 1223 423 dum
1246 393 1332 422 rex
1365 383 1523 423 noster
1543 378 1604 422 ad
1628 392 1785 432 regem

317 428 352 453 Δ.
364 428 400 454 D.
415 429 489 453 1296.

307 484 374 510 war
385 483 456 509 with

306 517 447 543 scotland.

315 1834 417 1866 Treaty

318 1868 444 1893 between

317 1900 450 1926 Scotland

315 1934 372 1959 and
385 1934 504 1959 France.

524 450 764 492 Scotorum
797 447 957 489 literas
990 447 1223 501 dirigeret,
1257 451 1310 488 ut
1335 446 1384 488 in
1412 459 1625 500 guerram
1654 459 1785 487 suam

523 520 686 558 contra
720 527 875 569 regem
910 513 1120 555 Franciae
1153 513 1294 554 robur
1322 513 1554 554 exercitus
1586 513 1634 554 in
1656 516 1786 566 parte

523 582 798 632 mitteretur,
817 579 1112 622 excusatoria
1122 578 1406 632 impotentiae
1420 583 1467 620 et
1481 578 1615 632 quasi
1633 578 1787 620 brevis

522 647 760 701 responsio
803 646 955 688 datur.
1016 644 1390 699 Multiplicantur
1423 644 1590 686 iterum
1630 656 1789 698 preces

524 718 570 754 et
601 716 832 767 praecepta
862 725 954 769 non
986 716 1165 753 tantum
1196 710 1254 752 ad
1284 722 1441 763 regem
1476 710 1615 751 immo
1649 714 1698 751 et
1726 710 1786 751 ad

524 784 764 832 magnates
799 784 948 828 terrae,
982 783 1030 819 et
1055 790 1236 830 semper
1264 775 1585 829 responsiones
1607 775 1787 817 frivolae

524 846 862 899 quaerebantur,
876 857 930 885 eo
954 843 1077 897 quod
1092 843 1434 897 conjurationes
1449 855 1606 884 eorum
1624 841 1788 883 validae

524 911 726 953 nondum
775 910 1112 964 complerentur
1160 909 1219 950 ad
1269 913 1443 951 votum.
1525 909 1790 950 Tenuerant

525 978 644 1019 enim
665 976 1016 1031 parliamentum
1047 988 1180 1016 suum
1204 975 1326 1028 apud
1348 975 1511 1024 Scone,
1533 974 1582 1015 in
1604 986 1711 1028 quo,
1731 973 1789 1015 ad

525 1044 711 1086 modum
738 1042 961 1092 Franciae,
997 1052 1088 1083 ΧΠ.
1125 1053 1261 1095 pares
1298 1041 1639 1090 ordinaverant,
1674 1052 1788 1093 qua-

526 1114 634 1151 tuor
655 1108 832 1150 scilicet
858 1108 1114 1161 episcopos,
1139 1112 1340 1160 quatuor
1362 1107 1568 1156 comites,
1592 1111 1791 1159 quatuor

525 1176 738 1224 barones,
761 1187 956 1228 quorum
991 1173 1184 1215 consilio
1216 1178 1263 1214 et
1297 1172 1586 1214 ordinatione
1620 1175 1790 1213 extunc

525 1244 628 1282 tota
657 1240 814 1282 Scotia
840 1243 1091 1292 regeretur.
1161 1238 1365 1280 Nuntios
1395 1238 1548 1288 etiam,
1586 1237 1634 1278 in
1666 1249 1789 1279 com-

526 1306 757 1360 positione
771 1305 982 1359 sequenti
1001 1305 1276 1354 nominatos,
1294 1304 1638 1354 ordinaverunt,
1658 1316 1787 1345 man-

526 1373 690 1413 dantes
745 1376 799 1413 ut
850 1385 956 1413 cum
1008 1371 1132 1412 omni
1180 1370 1472 1412 festinatione
1527 1370 1586 1412 ad
1634 1382 1791 1424 regem

530 1437 739 1479 Franciae
769 1441 1085 1492 properarent,
1120 1437 1364 1490 foedusque
1395 1437 1563 1478 inirent
1598 1449 1702 1478 cum
1736 1449 1792 1477 eo

526 1504 701 1545 meliori
731 1503 867 1545 modo
898 1517 991 1557 quo
1016 1507 1218 1558 possent,
1249 1503 1372 1556 quod
1396 1508 1443 1545 et
1473 1503 1563 1557 ipsi
1582 1502 1791 1544 fecerunt

527 1570 575 1611 in
595 1570 716 1611 hunc
734 1569 935 1611 modum.
1267 1565 1274 1572 ’

653 1720 767 1762 Sooti
784 1720 968 1762 inierunt
986 1719 1142 1762 Foedus
1161 1731 1253 1761 omn
1273 1719 1380 1774 Reqe
1397 1718 1678 1761 Francorwm.

599 1817 875 1873 Philippus‚¹
910 1818 1000 1860 Dei
1035 1818 1201 1872 gratia,
1241 1818 1524 1859 Francorum
1558 1831 1660 1868 rex,
1693 1818 1794 1859 uni-

519 1885 678 1927 versis
697 1889 971 1939 ‘praesentes
991 1885 1148 1926 literas
1167 1885 1457 1938 inspecturis,
1478 1882 1727 1926 salutem.'²

601 1950 733 1993 Inter
765 1950 872 2002 alia,
902 1964 985 2005 per
1016 1964 1121 2004 quae
1150 1950 1440 2004 regnantium
1471 1955 1519 1992 et
1547 1963 1794 2003 regnorum

534 2017 758 2059 exaltatio
795 2021 1086 2071 procuratur,
1126 2017 1379 2071 acquiritur
1419 2016 1545 2071 pacis
1583 2021 1630 2058 et
1666 2020 1792 2058 tran-

534 2082 690 2137 quillae
729 2083 897 2137 quietis
933 2082 1195 2134 amoenitas,
1229 2096 1284 2124 ac
1321 2083 1463 2124 foelici
1496 2086 1544 2124 et
1576 2094 1796 2137 prospero

533 2149 678 2191 statui
708 2149 966 2191 consulitur
999 2149 1311 2197 subditorum;
1346 2148 1460 2190 illud
1496 2148 1694 2199 videtur,
1726 2153 1795 2190 at-

533 2220 664 2257 tenta
690 2216 1069 2266 consideratione,
1099 2216 1399 2270 praecipuum,
1431 2219 1484 2256 ut
1511 2214 1633 2256 inter
1665 2227 1797 2267 reges

534 2285 581 2323 et
601 2295 745 2336 regna
761 2282 921 2324 solidae
940 2282 1148 2326 caritatis
1170 2283 1335 2333 unitas,
1352 2285 1399 2324 et
1419 2280 1566 2323 fidelis
1584 2281 1797 2322 amicitiae

534 2347 710 2390 foedera
734 2349 1011 2390 nutriantur,

600 2414 774 2473 Sicque·
791 2427 922 2469 reges
952 2418 1000 2456 et
1028 2413 1274 2468 principes,
1296 2413 1354 2454 ad
1384 2410 1798 2467 ‘propulsandas’³

581 2579 592 2600 ¹
614 2580 698 2613 This
719 2580 787 2612 and
808 2580 865 2612 the
888 2579 1063 2620 following
1089 2579 1149 2611 do-
1183 2580 1259 2620 ings
1283 2579 1322 2611 of
1345 2579 1402 2612 the
1424 2579 1648 2619 manuscripts
1670 2579 1708 2611 of
1727 2579 1799 2611 He-

535 2630 670 2659 cument
700 2627 786 2660 have
815 2628 902 2659 been
931 2626 1077 2658 collated
1106 2635 1149 2658 on
1182 2624 1383 2666 mingburgh
1419 2635 1476 2657 are
1511 2626 1607 2667 given
1647 2626 1681 2657 in
1714 2626 1797 2657 foot-

534 2677 788 2713 conoemporary
809 2673 1011 2706 enrolments
1034 2673 1070 2704 in
1091 2672 1148 2705 the
1182 2675 1289 2704 notes.

533 2719 698 2759 Treas‘ury
724 2720 763 2751 of
783 2720 839 2752 the
863 2720 1006 2759 Receipt
1029 2719 1068 2751 of
1091 2719 1148 2751 the
1229 2715 1243 2735 ⁹
1264 2718 1376 2759 ‘etc.,'
1392 2718 1492 2750 MSS.

534 2765 756 2805 Exchequer3
796 2766 853 2798 the
883 2767 1020 2799 various
1051 2765 1148 2798 read·
1229 2763 1243 2782 ³
1264 2764 1546 2806 ‘propellendas,'
1561 2764 1661 2796 MSS.
