2038 3306
636 336 724 379 418
1122 347 1400 379 onnomcon

426 460 623 520 Εἰπὸξᾱηξῐόῐ.
640 449 819 492 etiamsi
856 448 937 504 jus
980 448 1027 488 in
1081 448 1204 490 dicto
1247 449 1416 492 ducatu
1463 464 1512 492 se
1563 451 1728 492 habere
1776 460 1894 502 prae-

427 548 537 574 Late„
642 516 848 564 tendant,
899 520 946 556 et
995 514 1116 567 quod
1165 528 1323 557 omnes
1367 516 1657 571 coadjutores
1705 522 1752 557 et
1794 513 1894 555 alli-

428 581 574 645 ξξῗέἒῗ
644 582 741 636 gati
790 581 989 635 partium
1047 587 1334 623 remanerent
1386 582 1433 622 in
1482 583 1563 624 tali
1614 580 1899 636 possessione

429 648 505 673 ward
520 654 584 672 con-

429 680 605 711 cerningthe
644 660 794 689 rerum
830 651 876 688 et
912 647 1133 688 bonorum
1173 660 1266 700 qua
1311 647 1492 689 fuerant
1533 653 1736 701 tempore
1774 652 1898 688 treu-

430 714 533 773 ξξξῑξςξζέ
531 714 630 778 ‘2¹32‘
646 726 807 768 garum
826 713 1059 762 initarum,
1087 717 1133 754 et
1156 714 1241 754 sub
1265 713 1368 754 aliis
1392 713 1538 755 modis
1559 718 1606 754 et
1623 710 1897 754 conditioni-

432 754 548 839 ¹13erssssss
646 781 732 822 bus
755 779 986 832 expressis
1005 778 1218 832 plenius
1207 792 1252 820 m
1275 779 1460 820 eisdem.
1531 779 1591 821 Et
1611 779 1676 821 sic
1698 790 1801 819 cum
1820 789 1901 830 spe

434 847 523 878 ΚΜ·
647 845 775 900 pacis
802 844 1047 893 arridente,
1070 845 1155 886 sub
1185 845 1409 886 dictarum
1441 850 1706 898 treugarum
1737 843 1903 884 fiducia

649 911 890 953 redeuntes
924 910 972 951 in
1000 909 1234 964 Angliam,
1264 911 1460 953 dimissis
1494 911 1651 965 paucis
1686 908 1905 950 ministris

650 978 818 1020 nostris
849 978 896 1018 in
919 977 1161 1018 Britannia
1190 990 1272 1030 pro
1309 978 1527 1031 regimine
1557 978 1780 1018 dictarum
1805 987 1905 1028 par-

652 1044 766 1085 tium
790 1048 837 1085 et
857 1043 1172 1097 coadjutorum
1209 1048 1468 1085 nostrorum
1495 1043 1678 1092 ibidem,
1699 1041 1905 1084 ordinas-

652 1122 804 1151 semus
842 1109 1031 1149 nuncios
1074 1114 1254 1150 nostros
1293 1110 1351 1150 ad
1389 1109 1499 1150 dicti
1533 1109 1703 1151 domini
1741 1106 1906 1148 summi

653 1174 881 1228 pontificis
913 1174 1206 1227 praesentiam
1243 1188 1326 1228 pro
1363 1179 1565 1215 tractatu
1598 1173 1740 1227 pacis,
1771 1176 1908 1226 prout

653 1240 911 1282 condictum
950 1239 1116 1290 fuerat,
1136 1240 1528 1290 transmittendos,
1552 1241 1910 1293 supervenerunt

656 1306 787 1347 nobis
808 1318 930 1346 nova
961 1311 1102 1354 certa,
1124 1318 1214 1347 non
1239 1306 1404 1347 leviter
1432 1306 1684 1360 pungentia
1711 1308 1907 1345 mentem

657 1376 873 1418 nostram,
896 1371 952 1412 de
976 1375 1121 1412 morte
1143 1371 1356 1413 videlicet
1383 1372 1670 1425 quorundam
1693 1370 1910 1412 nobilium

656 1437 788 1480 nobis
821 1437 1168 1487 adhaerentium,
1210 1443 1447 1492 captorum
1488 1438 1535 1479 in
1571 1437 1824 1485 Britannia,
1866 1440 1913 1476 et

658 1504 714 1545 de
762 1503 952 1557 speciali
1008 1508 1240 1558 praecepto
1297 1504 1405 1546 dicti
1455 1504 1657 1558 Philippi
1707 1501 1914 1543 Parisius

658 1570 974 1623 ignominiosae
1026 1570 1176 1620 morti,
1226 1575 1386 1612 contra
1443 1570 1637 1611 formam
1691 1568 1914 1609 dictarum

659 1641 937 1689 treugarum,
983 1636 1220 1690 tyrannice
1278 1635 1582 1687 traditorum;
1633 1647 1807 1676 necnon
1858 1633 1915 1674 de

606 1704 608 1707 ’
661 1706 815 1755 strage
877 1706 924 1743 et
980 1701 1335 1754 depopulatione
1396 1708 1563 1754 magna
1613 1700 1812 1741 fidelium
1868 1704 1916 1740 et

660 1768 881 1809 bonorum
916 1771 1175 1808 nostrorum
1210 1767 1257 1808 in
1293 1767 1550 1817 Britannia,
1587 1766 1836 1815 vasconia,
1869 1770 1917 1806 et

662 1833 787 1883 alibi,
830 1846 884 1874 ac
932 1833 1202 1874 tractatibus
1249 1833 1453 1874 subdolis
1494 1837 1540 1874 et
1579 1832 1770 1874 occultis
1813 1844 1915 1872 cum

663 1898 866 1952 alligatis
901 1904 947 1939 et
985 1898 1179 1940 subditis
1214 1898 1380 1939 nostris
1412 1898 1594 1947 habitis,
1631 1910 1747 1951 quos
1787 1897 1854 1938 sic
1888 1909 1918 1937 a

664 1965 795 2006 nobis
816 1964 994 2005 auferre
1018 1969 1063 2005 et
1086 1963 1173 2005 sibi
1199 1964 1430 2006 attrahere
1460 1965 1704 2014 nitebatur,
1724 1976 1778 2004 ac
1799 1962 1918 2012 aliis,

664 2031 721 2072 de
766 2029 891 2071 facili
931 2043 1022 2071 non
1066 2030 1373 2080 numerandis,
1412 2030 1590 2084 injuriis
1631 2034 1678 2071 et
1713 2029 1918 2081 flagitiis,

665 2101 827 2138 contra
842 2096 988 2137 dictas
1003 2100 1207 2149 treugas,
1220 2109 1302 2150 per
1315 2101 1491 2150 partem
1507 2095 1688 2150 praefati
1702 2094 1919 2148 Philippi,

664 2167 758 2203 tam
783 2162 830 2203 in
855 2167 976 2204 terra
996 2175 1131 2215 quam
1154 2162 1198 2202 in
1234 2162 1349 2203 mari
1376 2162 1509 2203 factis
1542 2166 1588 2203 et
1617 2161 1915 2214 attemptatis,
2036 2191 2038 2219 3

667 2241 749 2282 per
790 2241 895 2282 quae
934 2228 1069 2269 dictae
1112 2232 1288 2280 treugae
1329 2232 1580 2269 noscuntur
1622 2241 1704 2281 per
1741 2231 1918 2281 partem
1975 2262 1977 2265 .
2035 2235 2038 2266 ε

668 2294 778 2335 dicti
802 2293 1005 2347 Philippi
1025 2294 1201 2335 notorie
1222 2293 1471 2337 dissolutae.
1543 2293 1602 2335 Et
1621 2293 1727 2334 licet
1745 2292 1921 2344 *treugis
2035 2280 2038 2288 ¹

668 2373 749 2414 per
788 2360 971 2414 culpam
1007 2359 1118 2401 dicti
1158 2359 1361 2413 Philippi
1396 2360 1463 2400 sic
1498 2359 1748 2408 dissolutis,
1786 2364 1920 2412 potu·
2032 2390 2038 2416 3

668 2427 879 2475 issemus,
901 2426 1020 2467 sicut
1040 2425 1190 2467 adhuc
1217 2425 1272 2466 de
1297 2426 1403 2480 jure
1430 2438 1687 2479 possumus,
1711 2436 1921 2478 guerram
2034 2422 2038 2476 1

670 2496 831 2533 contra
855 2504 958 2532 eum
981 2492 1139 2533 statim
1162 2491 1286 2533 licite
1309 2492 1624 2546 resumpsisse,
1649 2491 1706 2532 ad
1736 2490 1922 2531 vitanda
2030 2476 2038 2534 ἔ

670 2562 824 2599 tamen
857 2569 1123 2610 guerrarum
1166 2557 1440 2607 discrimina,
1475 2557 1681 2599 volentes
1714 2556 1924 2609 primitus

671 2623 871 2676 experiri
913 2623 952 2664 si
989 2635 1226 2677 possemus
1266 2623 1634 2665 reformationem
1677 2626 1924 2675 attempta·

672 2694 823 2730 torum
864 2688 1122 2744 hujusmodi
1162 2689 1417 2730 amabiliter
1455 2689 1676 2736 obtinere,
1719 2687 1925 2728 misimus

673 2754 866 2796 diversis
917 2755 1091 2796 vicibus
1139 2755 1342 2797 diversos
1390 2754 1579 2796 nuncios
1630 2758 1810 2795 nostros
1866 2752 1925 2794 ad

673 2820 817 2873 ipsius
845 2820 1014 2862 domini
1043 2820 1209 2862 summi
1243 2820 1469 2874 pontificis
1502 2820 1806 2875 praesentiam,
1831 2823 1924 2860 tam
