1992 3202
316 403 435 429 Edward
455 402 479 428 1.

319 438 351 461 A.
362 437 396 461 D.
411 437 485 461 1294.

302 1054 358 1079 and
374 1053 467 1078 defeat

301 1087 351 1112 the
363 1085 462 1118 King’s

301 1121 390 1145 forces
402 1122 431 1144 at

303 1153 443 1183 Denbigh.

303 1186 330 1211 N
332 1193 378 1211 ov.
393 1187 434 1211 11.

306 1785 366 1810 The
380 1784 457 1815 King

306 1818 462 1843 straitened

307 1853 348 1876 sor
359 1851 451 1882 provi-

306 1885 376 1910 sion.

513 263 572 303 58
1003 271 1280 302 cnnochN

514 378 627 430 cipis
676 376 855 418 Leulini
901 387 950 416 se
990 375 1280 417 descendisse
1323 375 1549 425 dicebant,
1587 381 1634 416 et
1674 375 1775 416 ideo

514 456 677 484 nomen
700 441 917 495 principis
938 441 1161 483 suscitare
1184 442 1361 483 debere.
1432 441 1551 492 Quae
1573 454 1675 483 cum
1697 453 1775 481 au-

514 509 657 549 disset
692 520 790 557 rex,
824 519 930 547 mox
973 511 1253 560 congregato
1292 508 1497 549 exercitu
1533 507 1779 548 declinavit

513 574 697 623 ibidem,
722 572 966 625 missisque
987 572 1132 614 literis
1152 573 1208 614 ad
1231 572 1466 614 dominum
1486 572 1776 614 Edmundum

514 640 700 680 fratrem
736 651 869 679 suum
909 643 956 679 et
991 639 1203 679 comitem
1227 637 1513 687 Lincolniae,¹
1549 638 1629 691 qui
1670 643 1779 679 tunc

514 704 731 758 temporis
751 704 799 745 in
822 708 958 757 portu
985 704 1041 745 de
1075 707 1088 726 ‘
1105 702 1448 745 Portesmuth’2
1481 716 1582 744 cum
1623 703 1779 743 multis

515 770 714 811 millibus
748 774 1026 811 armatorum
1059 770 1209 823 parati
1231 769 1412 810 fuerant
1434 769 1479 809 in
1498 768 1778 810 Vasconiam

516 836 828 886 transfretare,
843 841 895 877 ut
916 835 974 877 ad
1000 849 1100 876 eum
1123 836 1169 876 in
1185 834 1404 876 Walliam
1419 847 1521 875 cum
1545 835 1668 875 omni
1691 834 1779 875 fes—

514 902 739 943 tinatione
761 902 985 949 redirent3
1026 902 1105 955 qui
1140 914 1243 942 cum
1275 901 1509 942 audissent
1532 900 1644 941 talia
1677 913 1782 953 pro-

517 969 739 1021 perabant
783 968 840 1009 ad
878 981 998 1016 eum,
1039 972 1087 1008 et
1118 971 1384 1008 manserunt
1423 966 1589 1007 ibidem
1636 978 1781 1019 usque

518 1034 612 1075 fere
630 1034 688 1075 ad
709 1034 904 1074 medium
929 1032 1320 1085 Quadragesimae.
1391 1032 1598 1084 Contigit
1627 1037 1781 1073 autem

518 1099 640 1153 quod
679 1099 752 1140 die
790 1099 938 1141 sancti
973 1099 1165 1140 Martini
1203 1099 1251 1138 iu
1301 1098 1462 1151 hyeme
1505 1098 1613 1138 dum
1660 1097 1780 1138 idem

518 1177 670 1206 comes
715 1165 964 1206 Lincolniae
1010 1164 1068 1204 ad
1103 1168 1304 1205 castrum
1351 1175 1485 1204 suum
1530 1163 1587 1203 de
1629 1163 1782 1216 Tyne-

517 1230 631 1272 bech
656 1235 761 1271 ante
784 1243 938 1283 regem
960 1233 1167 1270 nostrum
1195 1229 1451 1278 festinaret,
1470 1229 1510 1270 si
1532 1228 1650 1270 forte
1668 1228 1780 1270 illud

518 1296 700 1337 salvare
747 1300 919 1348 posset,
964 1295 1085 1336 sicut
1117 1295 1324 1344 credidit,
1360 1294 1574 1336 obviatus
1617 1299 1690 1336 est
1724 1295 1783 1335 ab

518 1362 776 1402 hominibus
811 1361 906 1402 'suis
938 1361 1133 1414 propriis
1154 1360 1485 1411 Wallensibus,
1506 1361 1644 1402 habet
1664 1361 1783 1401 enim

518 1428 685 1468 ibidem
705 1427 874 1468 multas
895 1427 1205 1480 possessiones
1236 1430 1283 1467 et
1303 1431 1471 1476 castra,
1502 1427 1581 1480 qui
1601 1427 1783 1480 quidem

520 1493 781 1534 Wallenses
818 1493 891 1534 sui
925 1493 1168 1533 commisso
1218 1505 1321 1533 cum
1360 1506 1414 1534 eo
1453 1493 1584 1545 gravi
1619 1493 1784 1545 proelio

522 1563 532 1580 ‘
552 1557 930 1612 praevaluerunt'³
951 1558 1172 1599 adversus
1198 1571 1318 1607 eum,
1334 1563 1381 1599 et
1401 1558 1654 1599 interfectis
1678 1558 1782 1600 hinc

521 1625 627 1665 inde
647 1624 817 1674 multis,
843 1624 994 1678 ipsum
1016 1624 1217 1673 tandem,
1241 1637 1343 1665 cum
1374 1624 1472 1678 jam
1498 1624 1575 1665 diu
1599 1629 1785 1666 strenue

521 1690 783 1739 militasset,
818 1691 863 1730 in
901 1690 1057 1743 fugam
1097 1703 1200 1731 cum
1245 1690 1404 1744 paucis
1446 1695 1784 1731 converterunt.

525 1756 628 1797 Rex
666 1756 805 1797 etiam
839 1760 1011 1805 noster,
1043 1756 1237 1796 transito
1270 1756 1454 1797 flumine
1486 1757 1542 1797 de
1565 1756 1785 1810 Conway,

523 1822 629 1862 dum
663 1822 720 1863 ad
743 1826 943 1862 castrum
976 1821 1226 1862 declinaret
1256 1835 1347 1863 non
1374 1827 1443 1863 est
1466 1835 1566 1863 eum
1600 1827 1786 1864 secutus

524 1892 649 1929 totus
688 1888 936 1936 exercitus,
974 1887 1094 1928 unde
1137 1889 1616 1941 superabundantibus
1655 1889 1786 1942 aquis

524 1954 662 1994 maris
715 1958 761 1994 et
804 1953 1025 1995 fluctuum
1069 1954 1324 1995 subitorum
1380 1955 1595 1995 obsessus
1645 1959 1716 1994 est
1758 1967 1787 1995 a

524 2019 836 2060 Wallensibus
868 2032 949 2072 per
973 2024 1152 2072 tempus
1180 2019 1377 2072 aliquod.
1449 2019 1524 2061 Sic
1546 2024 1787 2073 separatus

524 2098 552 2126 a
605 2085 699 2126 suis
742 2089 788 2126 et
835 2085 1049 2126 exclusus
1097 2098 1352 2138 passusque
1391 2090 1461 2127 est
1503 2086 1561 2126 ad
1605 2090 1786 2139 tempus

522 2151 750 2191 modicum
799 2155 846 2192 et
891 2150 1057 2192 famem
1103 2155 1150 2192 et
1195 2151 1333 2201 sitim,
1370 2151 1574 2205 bibitque
1619 2164 1787 2206 aquam

523 2229 626 2257 cum
650 2217 782 2257 melle
817 2217 1011 2258 mixtam
1046 2221 1092 2257 et
1127 2230 1290 2270 panem
1327 2218 1374 2258 in
1413 2218 1658 2259 saturitate
1696 2231 1787 2259 non

523 2283 745 2331 comedit;
827 2288 1268 2336 praeoccupaverant
1341 2284 1460 2324 enim
1528 2283 1788 2325 Wallenses

522 2348 772 2401 quadrigas
795 2361 919 2399 suas,
951 2353 997 2389 et
1016 2348 1292 2389 victualibus
1317 2349 1519 2402 acceptis
1541 2353 1586 2390 et
1606 2349 1790 2398 ablatis,

524 2414 725 2455 homines
761 2427 874 2467 quos
914 2419 1129 2468 poterant
1165 2414 1510 2455 detruncabant.
1582 2414 1789 2468 Cumque

570 2511 579 2530 ¹
606 2511 725 2550 Henry
740 2511 782 2541 de
801 2511 905 2549 Lacy,
917 2509 1007 2540 third
1023 2509 1093 2540 earl
1105 2509 1142 2539 of
1175 2508 1289 2550 bury‚)
1319 2510 1361 2541 he
1387 2510 1537 2550 became,
1556 2510 1634 2549 jure
1664 2512 1790 2552 uxoris,

524 2557 675 2597 Lincoln,
691 2557 880 2588 succeeded
904 2556 956 2587 his
980 2555 1088 2586 father
1104 2555 1138 2585 iu
1177 2556 1258 2587 Earl
1273 2556 1312 2587 of
1323 2556 1512 2596 Salisbury.

526 2606 622 2634 1257·
670 2603 711 2634 In
741 2603 796 2634 the
832 2602 1015 2642 preceding
1046 2610 1139 2641 γεω)
1220 2623 1234 2643 2
1254 2623 1788 2663 ‘Portesmue,’MS.Coll.Arm.

524 2649 649 2688 havmg
713 2649 896 2701 espoused.
952 2648 1139 2700 Margaret'
1175 2674 1185 2691 ‘
1199 2670 1399 2701 Portesmun
1412 2666 1422 2679 ’
1438 2670 1515 2701 MS.
1533 2670 1646 2701 Lansd

525 2695 691 2734 daughter
706 2695 772 2725 and
789 2695 917 2726 co-heir
931 2694 969 2725 of
989 2694 1139 2724 Wllliam
1403 2693 1413 2710 ’
1651 2694 1659 2702 ”

526 2741 568 2770 de
597 2741 802 2780 Longespee‚
827 2739 904 2783 (son
930 2741 969 2772 of
991 2740 1140 2770 William
1223 2735 1236 2755 ³
1258 2737 1549 2777 ‘proeliaverunt,'
1572 2738 1672 2770 MSS.
1701 2738 1777 2770 Coll

526 2787 568 2817 de
608 2787 813 2827 Longespee‚
849 2787 929 2818 Earl
965 2786 1002 2817 of
1037 2786 1140 2818 Salis·
1176 2785 1271 2816 Arm.
1289 2784 1355 2815 and
1372 2784 1461 2816 Cott.
1478 2784 1555 2815 Tib.
