2038 3306
486 303 704 334 wAn'rssm
739 303 800 333 DE
833 303 1206 334 HEMlNGBURGH.
1394 292 1481 334 413

216 421 275 449 ex
308 421 500 462 quorum
528 407 719 450 discidio
753 408 1005 450 animarum
1043 409 1264 463 pericula,
1292 412 1479 462 ‘perso·
1501 418 1699 478 {dvgrffsssh

216 473 430 515 narum’¹
478 479 658 527 strages
700 480 746 516 et
786 475 982 525 excidia,
1022 488 1076 516 ac
1118 476 1343 517 bonorum
1387 475 1479 516 dis·
1499 470 1699 538 Bu'nssfffi'sse

215 540 385 594 pendia
442 541 808 590 innumerabilia,
869 541 1130 582 necessario
1187 541 1477 595 proveniunt,
1498 539 1698 604 tcggffissfflffig

210 612 286 647 cst
329 606 628 659 proculdubio
672 606 958 660 displicibilis
996 611 1043 647 et
1083 619 1243 658 exosa,
1281 607 1480 648 maxime
1498 606 1664 664 ffigssssgi‘h

217 672 500 725 temporibus
531 672 634 714 istis
663 673 829 726 quibus
860 677 1022 714 contra
1052 672 1231 714 Turcos
1254 673 1302 714 in
1326 677 1480 714 trans-

216 738 404 779 marinis
470 738 678 792 partibus
733 739 1009 780 constitutos
1062 744 1380 792 persecutores
1434 745 1481 781 et

217 803 509 856 blasphemos
543 804 795 846 Christiani
830 804 1043 854 nominis,
1071 804 1151 858 qui
1187 804 1345 845 fideles
1377 804 1480 846 illa-

219 882 318 910 rum
372 870 585 923 partium,
637 870 734 910 sine
785 883 926 911 sexus
980 876 1026 911 et
1080 870 1233 912 aetatis
1282 870 1480 921 delectu,

216 935 462 976 crudeliter
503 936 549 976 in
596 936 741 976 nostri
783 934 1018 976 Creatoris
1069 936 1393 977 contumeliam
1434 943 1481 978 et

218 1001 360 1042 totius
396 1000 760 1042 Christianitatis
797 1001 1091 1054 opprobrium
1125 1002 1405 1054 opprimunt,
1436 1008 1483 1044 et

216 1079 374 1108 eorum
402 1066 608 1108 sitientes
642 1067 910 1120 sanguinem
941 1067 987 1107 in
1015 1067 1142 1120 ipsos
1173 1067 1483 1109 inhumaniter

215 1132 346 1173 ferali
361 1133 488 1173 rabie
509 1132 863 1183 debacchantur,
880 1138 926 1173 et
944 1133 1238 1186 quamplures
1262 1133 1360 1175 zelo
1376 1133 1483 1175 fidei

217 1203 263 1239 et
292 1199 380 1252 piae
403 1198 662 1240 devotionis
686 1198 853 1240 affectu
884 1199 1080 1249 accensi,
1102 1212 1151 1240 se
1172 1199 1230 1240 ad
1254 1199 1480 1253 repellen-

218 1264 323 1306 dam
375 1265 600 1306 dictorum
642 1264 891 1306 infidelium
944 1265 1239 1318 proterviam,
1285 1270 1332 1307 et
1372 1278 1480 1307 con-

219 1330 476 1372 fortandam
513 1344 567 1372 ac
597 1330 983 1372 corroborandam
1017 1330 1219 1372 fidelium
1254 1332 1480 1385 impoten-

219 1396 346 1446 tiam,
375 1397 570 1438 viriliter
600 1401 647 1438 et
678 1397 856 1438 utiliter
880 1397 1201 1450 accingebant,
1235 1398 1314 1451 qui
1347 1411 1479 1439 occa-

221 1463 350 1503 sione
386 1476 566 1516 guerrae
599 1463 639 1503 si
671 1475 771 1504 eam
805 1464 923 1504 inter
958 1467 1004 1504 te
1040 1468 1085 1504 et
1117 1464 1402 1504 carissimum
1433 1465 1480 1505 in

222 1528 406 1570 Christo
426 1529 569 1570 filium
588 1534 793 1570 nostrum
813 1528 1077 1582 Philippum
1096 1542 1249 1582 regem
1271 1530 1480 1571 Franciae

219 1594 459 1645 illustrem,
503 1595 693 1644 moveri,
734 1595 857 1648 quod
904 1595 1040 1644 absit,
1083 1596 1344 1648 contigerit,
1390 1609 1481 1637 non

219 1661 317 1701 sine
365 1674 533 1714 magno
590 1660 951 1702 Christianitatis
1000 1661 1240 1714 dispendio
1289 1666 1336 1702 et
1386 1662 1482 1703 ani—

219 1739 396 1768 marum
422 1727 644 1780 periculo,
658 1731 710 1768 ut
727 1726 1037 1768 verisimiliter
1050 1728 1324 1776 aestimatur,
1340 1740 1369 1768 a
1386 1732 1481 1768 tam

221 1793 324 1834 utili
340 1797 383 1834 et
403 1793 504 1834 Deo
520 1798 654 1846 grato
674 1793 913 1847 proposito
929 1792 1238 1834 retrahantur.
1280 1793 1484 1847 Ideoque

220 1859 485 1912 diligentius
533 1859 824 1900 attendentes
860 1859 982 1912 quod
1027 1872 1089 1900 ex
1139 1864 1270 1913 parte
1325 1865 1486 1901 mutua

222 1930 390 1978 praeter
430 1925 523 1965 alia
566 1925 695 1965 varia
737 1925 990 1973 commoda,
1030 1924 1204 1966 Christi
1247 1926 1484 1978 negotium

221 1990 480 2044 promoveri
508 1994 662 2044 posset
692 1990 886 2040 felicius,
911 1995 957 2031 et
978 2003 1036 2031 ex
1069 2003 1237 2043 guerra
1265 1991 1487 2044 praedicta

222 2056 526 2110 periculosius
560 2055 785 2110 impediri,
820 2068 902 2096 nos
932 2056 1032 2097 vias
1060 2069 1218 2097 omnes
1250 2069 1333 2110 per
1369 2070 1486 2110 quas

224 2122 282 2163 ad
320 2135 478 2175 pacem
512 2121 853 2176 quomodolibet
889 2122 1125 2175 pervenire
1160 2127 1343 2175 poterat
1381 2136 1484 2176 per-

224 2189 469 2241 quirentes,
495 2195 601 2242 post
636 2188 816 2229 labores
847 2188 1052 2229 diversos
1080 2201 1195 2240 quos
1228 2189 1486 2231 voluntarie

224 2254 379 2295 multis
403 2254 505 2295 aliis
537 2255 735 2307 negotiis
763 2254 917 2295 arduis
948 2254 1287 2307 praetermissis,
1314 2261 1363 2296 ut
1393 2268 1487 2309 pax

225 2320 345 2361 inter
391 2325 450 2369 te,
505 2320 568 2360 fili
616 2320 866 2369 carissime,
917 2324 963 2361 et
1013 2320 1282 2373 praedictum
1333 2334 1487 2374 regem

228 2386 435 2427 Franciae
494 2391 651 2439 posset
712 2385 886 2435 haberi,
937 2385 1152 2426 duximus
1208 2387 1488 2432 subeundos,

227 2451 285 2492 ad
311 2452 395 2493 hoc
420 2465 502 2493 nos
524 2451 823 2493 offerebamus
859 2456 1045 2505 paratos
1067 2452 1106 2492 si
1129 2452 1309 2505 praefati
1338 2465 1489 2494 comes

226 2523 272 2558 et
310 2518 680 2559 Bartholomaeus
704 2517 759 2558 de
790 2517 1046 2558 intentione
1077 2522 1159 2558 tua
1193 2518 1311 2559 sicut
1347 2520 1491 2572 scrip-

226 2596 433 2624 seramus
462 2590 507 2625 et
536 2583 797 2624 condictum
827 2584 977 2624 fuerat
1005 2583 1216 2624 instructi
1243 2585 1490 2634 venissent,

228 2662 317 2690 non
341 2656 583 2703 parcentes
607 2649 839 2690 laboribus
857 2654 902 2690 et
921 2649 1193 2702 sumptibus,
1214 2663 1296 2691 nec
1316 2650 1492 2691 calores

230 2715 302 2755 vel
337 2715 524 2769 frigora,
554 2728 635 2756 seu
669 2715 906 2768 passiones
940 2714 1056 2755 alias
1082 2716 1301 2768 temporis
1337 2716 1490 2757 sormi-

567 2816 574 2835 ¹
601 2818 768 2858 Supplied
785 2818 867 2848 from
886 2818 960 2850 MS.
979 2818 1078 2849 Harl.
1094 2820 1171 2850 655.
