2038 3306
536 299 623 341 394
1025 308 1303 340 canonicos

324 427 443 452 mma
464 427 520 453 111.
531 414 697 469 judex,
721 426 866 455 verax
888 413 1032 461 Deus,
1053 413 1249 467 benigne
1277 414 1488 468 respiciet
1510 427 1662 457 causae
1692 428 1798 456 nos-

324 461 374 500 A·
384 461 418 485 D.
434 461 507 486 1342.

323 516 383 541 The
396 515 495 547 King¹=

538 487 621 523 trae
652 480 890 522 veritatem
921 485 968 521 et
991 479 1236 533 justitiam,
1261 484 1307 520 et
1335 479 1588 522 humiliabit
1621 481 1796 522 calum-

322 549 504 574 ¹²¹²²rt⁰t¹¹⁰
537 547 777 595 uiatorem,
808 551 855 587 et
879 545 947 586 sic
977 546 1062 586 sub
1092 545 1396 586 miserationis
1419 545 1586 588 divinae
1615 547 1797 596 fiducia,

324 582 436 614 bishops
447 585 477 607 to

321 618 364 640 net
375 615 449 640 forth
461 622 478 640 a

324 655 422 680 prayer
434 648 477 673 for

325 688 447 707 success.

328 2197 459 2228 Monday,

329 2231 404 2262 Aug.
418 2232 459 2256 12.

537 626 630 654 rem
675 611 993 665 aggredientes
1036 609 1242 659 arduam,
1284 611 1549 664 passagium
1590 618 1796 654 nostrum

540 691 699 719 versus
728 683 883 731 partes
908 675 1138 717 Flandriae
1171 676 1480 718 ordinavimus
1519 676 1719 718 validum
1751 683 1798 720 et

537 744 767 794 festinum,
827 747 874 784 et
931 742 1071 783 alium
1128 742 1380 783 exercitum
1433 753 1593 783 versus
1641 748 1798 796 partes

539 809 707 851 Scotiae
743 808 959 850 duximus
990 807 1405 857 transmittendum,
1425 812 1478 849 ut
1511 807 1578 849 sic
1607 821 1689 861 per
1709 809 1799 850 Dei

538 876 733 928 gratiam
773 874 1058 915 comminatis
1087 874 1218 915 nobis
1247 886 1539 915 occurramus
1568 874 1798 928 periculis,

538 946 585 982 et
625 940 834 982 fidelibus
877 940 1045 981 nostris
1087 945 1195 993 post
1232 952 1463 992 magnam,
1493 952 1631 993 quam
1672 941 1798 994 passi

537 1012 659 1057 sunt,
679 1006 1039 1059 inquietudinem
1067 1005 1233 1059 quietis
1263 1005 1643 1058 pulchritudinem
1682 1019 1796 1059 prae-

537 1085 767 1125 paremus,
837 1071 952 1112 Cum
987 1083 1097 1124 ergo
1132 1071 1371 1112 constituti
1402 1071 1504 1112 sitis
1538 1085 1622 1124 pro
1654 1071 1799 1113 homi-

539 1138 671 1179 nibus
711 1150 740 1178 a
769 1137 967 1178 Domino
1006 1142 1059 1177 ut
1103 1136 1303 1177 offeratis
1343 1137 1463 1177 dona
1493 1142 1541 1178 et
1574 1137 1799 1179 sacrificia

537 1216 622 1257 pro
653 1202 869 1256 peccatis,
896 1201 1135 1251 attendite,
1159 1214 1437 1255 quaesumus,
1460 1202 1695 1255 praedicta,
1716 1216 1796 1244 ne-

538 1269 646 1309 dum
666 1273 823 1310 nostra
851 1267 930 1308 sed
952 1267 1136 1321 publica
1154 1267 1371 1320 pericula,
1395 1280 1554 1320 preces
1575 1281 1658 1322 pro
1678 1268 1796 1310 felici

538 1346 787 1388 progressu
812 1338 966 1374 nostro
989 1332 1230 1374 fundentes
1254 1331 1509 1383 Altissimo,
1530 1334 1798 1388 supplentes

541 1401 664 1441 vices
701 1399 871 1453 Moysi,
907 1404 960 1440 ut
998 1411 1080 1439 nos
1116 1403 1164 1440 et
1195 1399 1342 1440 nostri
1376 1399 1603 1452 possimus
1638 1399 1798 1441 adver-

538 1466 674 1507 sariis
693 1465 741 1506 in
762 1469 1015 1506 vestrarum
1042 1464 1270 1505 erectione
1293 1477 1510 1507 manuum
1530 1466 1797 1519 praevalere,

539 1536 586 1573 et
610 1536 660 1572 ut
680 1535 976 1584 augmentum
995 1530 1158 1583 gratiae
1172 1530 1303 1571 nobis
1325 1530 1638 1584 multiplicatis
1657 1532 1797 1573 inter·

540 1597 795 1639 cessoribus
818 1596 1059 1648 largiatur,
1082 1596 1261 1637 faciatis
1284 1609 1366 1649 per
1388 1602 1567 1638 vestras
1587 1597 1798 1639 civitates

540 1668 587 1704 et
609 1663 827 1703 dioeceses
847 1675 932 1715 pro
961 1661 1092 1702 nobis
1121 1661 1285 1702 missas
1311 1661 1546 1712 celebrari,
1580 1663 1801 1716 praedica-

540 1729 688 1769 tiones
725 1733 772 1769 et
810 1727 1124 1780 processiones
1160 1726 1271 1776 fieri,
1308 1732 1355 1768 et
1390 1727 1483 1768 alia
1520 1729 1609 1781 piae
1642 1729 1798 1782 placa-

541 1794 680 1834 tionis
722 1792 869 1835 officia
918 1792 1270 1834 misericorditer
1317 1794 1534 1843 exerceri,
1576 1798 1628 1835 ut
1671 1794 1799 1836 Deus

542 1859 950 1900 misericordiarum
986 1871 1124 1911 super
1152 1870 1235 1899 nos
1273 1862 1320 1899 et
1351 1859 1583 1900 exercitus
1618 1864 1800 1901 nostros

542 1937 725 1965 manum
774 1937 870 1965 suae
921 1923 1252 1965 benedictionis
1302 1924 1537 1974 extendat,
1572 1929 1619 1966 et
1667 1931 1800 1967 actus

542 1995 724 2031 nostros
766 1989 814 2031 in
856 1989 1144 2043 beneplacito
1178 2002 1262 2030 suo
1300 1989 1365 2030 sic
1399 1990 1584 2043 dirigat,
1623 1996 1678 2032 ut
1712 1992 1799 2032 sibi

543 2056 708 2097 cedant
731 2056 788 2097 ad
810 2055 1007 2105 laudem,
1030 2055 1161 2096 nobis
1182 2055 1240 2096 ad
1264 2055 1492 2104 meritum,
1514 2060 1560 2097 et
1577 2056 1799 2110 subjectis

544 2122 673 2163 nobis
703 2121 912 2163 fidelibus
943 2121 1230 2162 commodum
1259 2126 1306 2162 et
1341 2122 1555 2175 quietem.
1625 2122 1799 2164 Datum

544 2188 695 2240 ‘apud
729 2187 910 2228 Turrim
948 2192 1152 2228 nostram
1191 2186 1442 2228 Londoniae
1475 2199 1566 2229 ΧΗ.
1595 2188 1668 2230 die
1702 2187 1801 2230 Au-

544 2252 725 2306 gusti,'¹
765 2265 887 2295 anno
928 2253 1060 2306 regni
1110 2253 1255 2294 nostri
1284 2252 1470 2305 Angliae
1513 2264 1634 2304 XVI„
1670 2254 1799 2308 regni

543 2332 652 2361 vero
677 2320 822 2360 nostri
848 2319 1057 2360 Franciae
1079 2318 1182 2359 111.'’

542 2460 757 2501 Revocatio
779 2460 1082 2502 Sententiarum
1103 2464 1139 2501 et
1170 2460 1394 2500 Poenarum
1414 2473 1515 2514 quas
1537 2459 1801 2502 incurreram

618 2525 808 2576 Ρνιεῖατὶ,
831 2525 904 2581 qui
929 2525 1140 2567 Scholares
1162 2524 1223 2566 ad
1241 2525 1396 2566 Studia
1415 2539 1494 2566 non
1515 2526 1726 2567 miserunt.

607 2628 637 2646 “
655 2624 866 2666 Clemens
887 2625 1129 2679 episcopus
1162 2637 1323 2666 servus
1344 2637 1581 2666 servorum
1607 2625 1712 2675 Dei,
1742 2624 1799 2666 ad

540 2695 804 2742 perpetuam
827 2691 892 2731 rei
915 2691 1195 2732 memoriam.
1257 2689 1565 2732 Sacrosancta
1586 2690 1801 2733 Romana

859 2795 867 2814 ¹
894 2797 1060 2836 Supplied
1076 2796 1162 2828 from
1182 2796 1257 2828 MS.
1276 2796 1375 2828 Harl.
1392 2799 1469 2829 655.
