2038 3306
486 342 713 375 wAn'rssm
747 342 809 373 DE
840 343 1217 377 Hssmincnusscn.
1387 335 1473 376 157

209 444 420 488 attonitis
478 444 701 486 medelam
751 443 1048 495 adhibentes;
1114 445 1476 499 confirmatoque
1510 457 1630 485 mma
1653 455 1678 481 1.

210 518 363 554 castro
399 510 594 564 digressi
623 516 732 551 sunt
773 523 915 564 usque
955 511 1190 554 Kelshow.
1254 511 1370 554 Inde
1409 524 1476 552 re·
1512 490 1685 518 runos.

211 584 443 620 vertentes
488 577 612 632 apud
653 577 880 630 Berewyk
923 590 1062 630 super
1097 577 1317 619 Twedam
1349 579 1477 619 inve·
1497 550 1643 612 gssssssgf

212 651 379 686 nerunt
422 657 523 685 eam
566 655 777 693 vacuam,
821 655 876 685 eo
917 643 1042 697 quod
1086 644 1302 697 fugerant
1352 625 1699 692 ScotifflssyEllglissh

214 711 372 752 audito
414 723 572 752 eorum
614 709 828 763 ingressu
867 709 914 750 in
955 715 1142 759 terram,
1182 714 1229 751 et
1268 709 1480 763 Anglicis
1498 693 1638 754 Ξῖἶῖιῖἰοῗ.

214 777 539 825 castrensibus,
579 775 659 829 qui
701 775 848 815 multo
873 774 973 829 jam
1010 781 1216 829 tempore
1262 789 1291 817 a
1327 776 1480 818 Scotis

215 843 399 885 fuerant
438 841 711 896 oppugnati,
756 840 882 881 facta
914 846 985 882 est
1027 841 1191 883 laetitia
1229 854 1400 895 magna
1434 842 1481 883 in

217 909 493 951 admissione
513 920 718 948 suorum.
790 905 1000 960 Cumque
1028 911 1292 948 nostrorum
1322 908 1486 949 suisset

216 975 470 1016 voluntatis
509 978 557 1014 et
591 971 817 1026 propositi
860 977 914 1013 ut
951 972 1010 1013 ad
1057 972 1340 1026 perdendum
1375 973 1486 1015 Sco-

218 1046 370 1082 torum
405 1039 661 1081 exercitum
691 1038 943 1090 dirigerent
977 1039 1098 1079 acies
1144 1051 1269 1089 suas,
1310 1052 1417 1080 ecce
1457 1052 1487 1081 a

218 1119 326 1160 rege
344 1111 503 1147 nostro
525 1118 694 1146 novum
718 1104 954 1146 emanavit
974 1104 1256 1146 mandatum.
1317 1104 1486 1159 Super-

221 1173 348 1214 venit
395 1173 515 1213 enim
568 1170 703 1225 quasi
746 1170 795 1211 in
836 1171 1063 1224 principio
1105 1170 1487 1225 Quadragesimae

222 1239 353 1280 miles
396 1238 584 1292 quidam
625 1250 729 1278 cum
769 1236 915 1278 literis
951 1237 1075 1290 regis
1114 1237 1172 1278 ad
1216 1237 1488 1292 praedictum

225 1305 440 1347 comitem
489 1304 546 1345 de
583 1303 823 1344 Wareuna
868 1307 1151 1356 caeterosque
1206 1304 1399 1346 comites
1443 1310 1490 1346 et

226 1372 343 1412 alios
382 1382 491 1412 suos
532 1369 705 1418 fideles,
741 1369 1084 1410 continentibus
1123 1370 1172 1410 in
1217 1374 1348 1423 parte
1395 1370 1488 1412 sic:

227 1437 364 1488 Quod
405 1437 504 1490 ipse
545 1448 644 1485 rex,
686 1439 875 1476 auctore
923 1435 1139 1485 Domino,
1184 1436 1372 1489 negotia
1404 1449 1492 1477 sua

226 1503 536 1545 transmarina
568 1500 667 1555 jam
703 1502 819 1542 bene
857 1514 941 1554 pro
982 1507 1093 1543 voto
1127 1502 1413 1555 expedierat,
1444 1507 1493 1544 et

227 1570 273 1610 in
309 1568 500 1622 propria
525 1579 722 1620 persona
741 1573 1012 1620 properaret
1036 1567 1095 1608 ad
1119 1580 1198 1609 eos
1218 1568 1265 1608 in
1287 1567 1490 1610 Scotiam

228 1648 333 1677 cum
369 1634 491 1675 omni
521 1633 815 1674 festinatione
847 1645 938 1685 qua
967 1638 1140 1687 posset,
1177 1633 1402 1687 adjiciens
1442 1640 1495 1676 ut

229 1706 338 1742 ante
361 1700 507 1754 ipsius
531 1699 781 1740 adventum
803 1698 915 1739 nihil
947 1703 958 1720 ⁴
980 1698 1156 1753 quasi*l
1179 1713 1398 1752 magnum
1423 1705 1494 1741 at·

230 1771 535 1820 temptaretur
568 1765 616 1806 in
662 1764 829 1814 Scotis,
871 1777 955 1806 nec
1004 1778 1055 1806 se
1102 1765 1199 1807 ullo
1245 1766 1497 1807 discrimini

232 1834 564 1886 manciparent,
599 1831 680 1872 sed
711 1831 751 1872 si
774 1830 932 1871 villam
962 1831 1020 1872 de
1048 1831 1276 1886 Berewyk
1306 1837 1499 1886 possent

233 1899 425 1953 adipisci
452 1902 693 1939 manerent
726 1897 912 1947 ibidem,
943 1897 1085 1939 citum
1117 1898 1218 1952 ejus
1249 1899 1496 1940 adventum

232 1965 569 2020 praestolantes.
638 1963 847 2017 Accepto
878 1963 1038 2017 itaque
1068 1964 1333 2018 hujusmodi
1368 1977 1498 2005 man-

234 2033 360 2081 dato,
382 2031 620 2083 elegerunt
640 2042 701 2071 ex
730 2029 958 2071 universis
988 2031 1181 2071 armatis
1212 2030 1336 2071 mille
1367 2031 1500 2084 quin-

236 2103 400 2151 gentos
419 2097 545 2138 viros
577 2096 625 2136 in
654 2096 786 2149 equis
821 2096 1024 2146 armatis,
1057 2100 1104 2136 et
1131 2096 1313 2137 circiter
1332 2095 1501 2149 viginti

238 2164 382 2204 millia
403 2162 609 2216 peditum
630 2162 881 2203 electorum
902 2161 983 2215 qui
1009 2167 1232 2202 venerant
1255 2175 1315 2203 ex
1329 2161 1504 2204 Wallia

238 2235 284 2270 et
320 2242 378 2270 ex
419 2227 742 2269 remotioribus
785 2227 997 2280 partibus
1031 2233 1181 2278 terrae,
1217 2228 1504 2270 remittentes

238 2296 296 2336 ad
330 2294 516 2349 propria
547 2298 741 2335 caeteros
781 2305 930 2346 usque
969 2293 1027 2334 ad
1070 2293 1323 2335 adventum
1362 2294 1502 2347 regis.

239 2362 606 2413 Manseruntque
643 2358 711 2400 sic
750 2358 797 2399 in
831 2359 992 2400 eadem
1028 2358 1139 2401 villa
1168 2359 1226 2400 de
1259 2359 1504 2414 Berewyk,

239 2431 541 2482 expectantes
564 2425 687 2478 regis
711 2424 976 2475 adventum,
999 2430 1046 2467 et
1067 2438 1248 2479 semper
1272 2426 1368 2468 suis
1399 2426 1505 2467 hos-

242 2495 364 2536 tibus
386 2493 444 2534 ad
467 2490 769 2533 resistendum
794 2491 959 2545 parati.

362 2644 370 2663 ¹
394 2644 403 2662 ‘
415 2638 521 2683 quid,‘
539 2642 641 2675 MSS.
657 2641 744 2674 Con.
762 2642 870 2683 Arm.‚
886 2641 976 2676 Cott.
991 2643 1081 2683 Tib„
1097 2642 1165 2674 and
1180 2641 1271 2674 Cott.
1287 2642 1393 2682 vesp.
