2038 3306
297 426 416 452 edward
429 426 456 453 1.

297 460 332 485 A.
346 460 380 485 D.
397 460 469 486 1³07.

494 299 581 342 254
866 322 868 324 v
965 309 1245 344 onnomcoN

494 412 680 455 licentia
710 412 923 455 reversus
960 420 1032 457 est
1064 416 1123 457 ad
1162 413 1319 470 partes
1362 417 1618 465 australes3
1653 416 1753 472 jus-

494 480 646 532 sitque
678 492 762 520 rex
797 479 919 533 quod
951 480 1200 523 Londoniis
1231 488 1486 525 remaneret
1514 496 1753 537 quousque

495 545 684 586 haberet
735 545 860 587 aliud
915 546 964 586 in
1016 547 1260 598 mandatis,
1311 550 1568 602 mansitque
1608 562 1753 602 usque

495 615 600 665 post
649 611 823 652 obitum
869 612 1018 665 regis3
1066 613 1316 667 habuitque
1358 627 1417 655 ex
1458 615 1752 656 concessione

495 676 667 718 domini
695 690 830 731 papae
862 678 909 718 in
938 679 1086 731 primo
1119 679 1319 720 adventu
1349 692 1433 721 suo
1461 679 1510 720 in
1535 679 1751 733 Angliam

496 756 579 797 pro
633 743 729 783 suis
775 744 988 798 expensis
1016 751 1068 785 'a
1121 745 1313 798 singulis
1358 745 1573 799 capitulis
1612 746 1752 786 totius

497 808 697 862 Angliae,
734 809 970 851 Hiberniae
1005 815 1052 851 et
1085 810 1269 860 Scotiae,
1304 811 1543 853 duodecim
1576 823 1754 852 marcas

498 875 695 927 argenti.
765 874 810 916 N
816 888 866 917 ec
895 888 979 929 pro
999 877 1065 917 eis
1090 881 1267 918 tantum
1297 877 1446 919 facere
1467 877 1611 919 voluit
1631 876 1753 931 quod

499 940 782 983 solventibus
805 942 963 983 fierent
986 941 1131 984 literae
1153 943 1551 996 adquietantiales.

567 1006 740 1048 Eodem
781 1020 901 1049 anno
946 1007 1106 1050 habuit
1148 1008 1357 1050 dominus
1399 1022 1499 1059 rex,
1542 1021 1599 1050 ex
1633 1008 1754 1050 dono

500 1072 672 1113 domini
702 1086 853 1127 papae,
883 1078 936 1115 ut
969 1075 1237 1127 praedictum
1262 1080 1347 1124 est,
1378 1075 1597 1116 decimam
1630 1075 1755 1116 bien-

500 1139 650 1179 nalem
672 1139 944 1192 Anglicanae
971 1140 1191 1190 ecclesiae,
1223 1140 1459 1181 Hiberniae
1490 1145 1538 1181 et
1573 1140 1755 1190 Scotiae,

500 1209 548 1245 et
562 1217 662 1245 eam
675 1205 783 1246 fecit
797 1205 942 1246 levari
954 1205 1001 1246 in
1020 1218 1113 1246 uno
1132 1206 1291 1247 eodem
1310 1218 1446 1246 anno.
1482 1205 1755 1258 Habuitque

499 1282 559 1310 ex
578 1270 839 1312 civitatibus
859 1271 954 1311 suis
976 1276 1023 1312 et
1043 1272 1201 1324 burgis
1218 1272 1481 1312 vicesimum
1505 1271 1756 1322 denarium,

500 1339 546 1376 et
567 1348 595 1376 a
618 1336 789 1389 populo
813 1337 989 1389 reliquo
1009 1338 1288 1378 tricesimum
1309 1335 1561 1379 denarium.

559 1401 617 1442 In
661 1402 878 1455 praedicto
918 1402 1220 1455 parliamento
1273 1416 1377 1444 cum
1427 1403 1560 1444 multi
1609 1403 1755 1444 multa

435 1518 438 1520 ι
500 1468 795 1521 loquerentur
817 1468 874 1509 de
896 1469 1267 1521 oppressionibus
1290 1469 1458 1510 domini
1474 1482 1624 1523 papae,
1641 1481 1756 1522 quas

290 1879 449 1904 nocument

290 1912 396 1943 setting
414 1911 486 1936 forth

289 1946 338 1970 the
351 1951 461 1976 oppres-

500 1534 734 1587 inceperat
787 1534 835 1575 in
886 1534 1081 1575 ecclesia
1130 1533 1406 1587 Anglicana‚
1456 1547 1561 1576 ecce
1624 1535 1754 1588 quasi

503 1600 655 1641 subito
675 1600 722 1640 in
758 1600 893 1653 pleno
923 1600 1113 1641 consilio
1133 1600 1367 1641 descendit
1386 1600 1493 1641 talis
1514 1600 1751 1650 schedula,

504 1665 636 1718 quasi
656 1665 837 1706 coelitus
859 1666 1050 1713 emissa;
1075 1665 1406 1718 legebaturque
1427 1667 1602 1715 statim,
1625 1666 1755 1707 audi-

505 1735 610 1772 ente
634 1744 756 1782 rege,
773 1730 1018 1781 cardinale,
1043 1736 1090 1773 et
1118 1731 1344 1772 universis
1361 1732 1562 1785 praelatis
1586 1737 1631 1773 et
1652 1732 1755 1774 aliis

506 1796 584 1850 qui
605 1802 925 1838 convenerant.
1760 1831 1764 1837 .

571 1865 601 1884 “
617 1858 858 1903 Ecclesiae¹
881 1862 1022 1903 nobili
1045 1860 1318 1915 Anglicanae
1342 1862 1388 1902 in
1411 1862 1509 1903 luto
1543 1868 1588 1904 et
1611 1862 1756 1904 latere

504 1931 518 1949 ‘
535 1923 817 1977 ancillatae,'²
843 1928 1009 1969 Petrus
1030 1927 1150 1969 filius
1168 1926 1445 1977 Cassiodori,
1460 1929 1588 1969 miles
1601 1929 1759 1970 catho-

290 1978 367 2003 sions
380 1978 411 2002 of
419 1978 468 2002 the
526 1993 533 2001 .

290 2011 402 2036 Roman
416 2011 478 2035 See.

504 1993 634 2043 heus,
651 1993 778 2046 pugil
796 1993 968 2035 Christi
986 1993 1196 2043 devotus,
1210 1994 1422 2043 salutem,
1439 1998 1485 2035 et
1494 1994 1662 2048 jugum
1678 1995 1757 2035 ab-

498 2058 643 2113 jicere
665 2059 963 2112 captivitatis,
984 2065 1031 2100 et
1053 2060 1261 2100 bravium
1289 2060 1496 2112 accipere
1516 2060 1754 2101 libertatis.

505 2128 517 2146 ‘
535 2124 824 2178 Comparabo
856 2129 902 2166 te
944 2125 1018 2166 cui
1051 2125 1123 2166 vel
1152 2126 1227 2166 cui
1263 2125 1542 2166 assimulabo
1573 2131 1634 2174 te,
1663 2125 1759 2167 filia

506 2190 536 2232 J
541 2191 795 2233 erusalem'?
867 2190 955 2232 Cui
976 2192 1232 2244 exaequabo
1255 2196 1317 2240 te,
1339 2192 1470 2244 virgo
1492 2191 1586 2232 filia
1607 2192 1759 2245 Syon3

508 2256 678 2309 Magna
706 2262 776 2298 est
800 2257 921 2297 enim
942 2257 1158 2298 contritio
1180 2263 1278 2305 tua,
1300 2257 1428 2298 velut
1452 2257 1632 2307 mare,'³
1659 2258 1759 2299 sola

506 2322 630 2364 facta
659 2335 708 2363 es
735 2323 832 2364 sine
868 2322 1050 2372 solatio,
1085 2327 1183 2364 tota
1214 2323 1287 2363 die
1316 2335 1510 2364 moerore
1538 2323 1757 2364 confecta.

508 2388 632 2429 Data
655 2401 703 2429 es
719 2389 766 2428 in
788 2400 969 2428 manum
996 2388 1112 2442 ejus,
1133 2389 1189 2429 de
1209 2401 1300 2442 qua
1314 2401 1404 2429 non
1418 2394 1551 2442 potes
1573 2401 1759 2442 surgere

508 2455 679 2507 absque
695 2453 868 2495 auxilio
882 2453 1182 2495 sublevantis.
1235 2454 1353 2495 Nam
1371 2455 1532 2495 scribae
1547 2462 1592 2495 et
1608 2455 1760 2507 phari-

508 2521 587 2560 saei
603 2533 743 2573 supra
762 2519 1026 2560 cathedram
1044 2519 1199 2573 Moysi
1214 2519 1679 2573 sedentes‚principes
1692 2520 1760 2560 tui

510 2585 711 2626 Romani
725 2585 880 2626 hostes
896 2586 943 2625 in
962 2585 1113 2638 capite
1127 2585 1209 2626 tibi
1228 2585 1352 2633 facti,
1375 2597 1460 2625 sua
1473 2585 1760 2639 phylacteria

556 2710 563 2729 ¹
587 2713 618 2744 A
649 2723 734 2753 copy
765 2713 803 2744 of
829 2713 896 2744 this
926 2713 1115 2752 document,
1149 2712 1385 2752 Usurpations,
1401 2712 1450 2743 iii.
1466 2714 1542 2744 914.

506 2759 586 2789 with
599 2759 828 2791 considerable
839 2760 1031 2800 variatione,
1043 2759 1114 2790 will
1197 2758 1211 2778 ²
1230 2759 1240 2776 ‘
1251 2758 1448 2797 ancillanti,'
1464 2758 1540 2791 MS.
1557 2759 1645 2792 Coll.
1654 2760 1746 2792 Trin.

506 2805 546 2836 be
584 2805 686 2836 found
724 2806 759 2836 in
802 2805 965 2845 Prynne’s
1006 2805 1115 2845 Papal
1194 2803 1208 2824 ⁸
1229 2805 1355 2837 Jerem.
1374 2804 1465 2836 Lam.
1483 2805 1521 2836 ii.
1538 2807 1590 2837 13.
