2038 3306
324 426 443 452 mvn-d
462 426 486 452 1.

319 460 355 485 A.
366 459 402 486 D.
417 461 491 486 1299.

329 1233 362 1258 A.
373 1232 410 1257 D.
424 1232 500 1258 1300.

312 1276 431 1301 Edward

310 1311 407 1340 granta
419 1315 436 1334 a

311 1344 390 1366 truce
402 1344 433 1366 to

311 1374 450 1400 Scotland.

327 1565 362 1590 A.
374 1564 410 1590 D.
423 1565 499 1590 1301.

315 1630 492 1655 Perambula-

314 1663 374 1688 tion
387 1664 417 1688 of
425 1663 474 1689 the

314 1697 422 1722 forest:-

522 301 606 343 188
1007 311 1287 342 οΗΒοΝιοοΝ

521 414 632 455 bant
669 413 760 454 duo
807 412 1012 455 ‘denarii
1047 410 1242 464 uuum‚'¹
1278 413 1422 468 juxta
1457 414 1645 456 verbum
1693 413 1785 454 Ca-

522 480 670 521 tonis:

639 581 662 600 “
674 577 786 620 Quod
805 577 879 614 vile
899 582 956 614 est
976 589 1116 622 carum,
1134 577 1236 627 quod
1251 590 1378 615 carum
1396 578 1470 615 vile
1490 576 1653 629 putato-'⁹
1665 576 1678 595 ²

527 679 813 733 Fiebantque
865 678 999 720 multi
1037 677 1203 720 divites
1247 691 1330 732 per
1369 679 1660 720 excambium
1707 677 1786 731 qui

524 749 755 786 monetam
801 744 929 786 illam
983 750 1188 785 emerant
1228 744 1276 785 in
1324 749 1531 798 tempore
1579 743 1788 785 vilitatis.

526 810 586 852 Et
607 815 773 864 postea
799 823 881 851 rex
908 810 1016 852 fecit
1038 810 1208 863 inquiri
1235 810 1291 851 de
1322 810 1492 851 talibus
1513 809 1591 864 qui
1614 810 1788 862 absque

525 876 716 930 speciali
754 876 940 918 licentia
973 876 1261 917 excambium
1305 875 1509 917 fecerant
1548 880 1596 916 et
1635 874 1790 916 taliter

526 943 715 984 mercati
735 942 933 992 fuerant,
956 947 1003 983 et
1023 939 1266 983 mulctavit
1286 954 1364 983 eos
1387 942 1584 996 pecunia
1603 952 1788 994 magna.

813 1099 903 1141 Rem
923 1099 1113 1141 concessit
1138 1099 1342 1155 Treuyam
1362 1099 1505 1140 Scotis.

598 1223 737 1265 Anno
761 1224 948 1265 Domini
980 1235 1135 1266 M.ccc.
1157 1238 1239 1266 rex
1271 1229 1552 1278 congregato
1583 1225 1790 1266 exercitu

531 1289 763 1343 profectus
795 1295 865 1331 est
887 1290 935 1330 in
968 1289 1170 1331 Scotiam
1199 1291 1322 1332 circa
1351 1290 1516 1331 festum
1549 1291 1672 1332 beati
1705 1291 1789 1332 Jo-

531 1354 696 1396 hannis
745 1355 989 1409 Baptistae,
1028 1356 1106 1397 ubi
1139 1356 1266 1397 initis
1297 1355 1500 1408 treugis³
1534 1369 1680 1409 usque
1722 1369 1791 1398 se-

531 1425 743 1474 quentem
780 1420 1087 1462 Pentecosten
1122 1434 1333 1463 reversus
1361 1427 1432 1463 est
1468 1426 1575 1476 post
1611 1428 1790 1476 tempus

531 1487 759 1528 modicum
782 1487 839 1528 ad
872 1492 1028 1541 partes
1060 1488 1315 1539 australes;
1351 1489 1591 1541 tenuitque
1621 1488 1792 1542 parlia-

531 1558 731 1594 mentum
764 1566 898 1593 suum
938 1553 985 1593 in
1018 1554 1228 1606 sequenti
1264 1553 1634 1606 Quadragesima
1669 1554 1791 1607 apud

533 1617 870 1670 Stanfordiam3
907 1623 954 1660 et
991 1620 1292 1660 movebantur
1325 1632 1536 1672 proceres
1570 1620 1626 1660 de
1666 1620 1793 1673 equi-

533 1689 689 1725 tatura
739 1684 923 1725 forestae
970 1684 1170 1725 nondum
1211 1686 1454 1738 completa,
1493 1690 1543 1726 et‘
1587 1686 1633 1725 in
1677 1685 1791 1726 locis

534 1749 764 1803 aliquibus
799 1749 1001 1790 nondum
1043 1750 1241 1803 incepta.
1314 1750 1522 1804 Cumque
1565 1751 1792 1792 orirentur

532 1816 689 1865 verba,
708 1820 753 1856 et
775 1828 803 1856 a
823 1815 980 1856 multis
1003 1815 1164 1857 fierent
1185 1817 1561 1858 comminationes
1582 1817 1791 1867 occultae,

533 1881 684 1922 timuit
707 1894 805 1931 reX,
829 1886 875 1923 et
896 1881 1066 1922 ‘iratos
1083 1880 1122 1903 '⁴
1145 1882 1298 1923 animo
1320 1882 1499 1924 lenibus
1521 1882 1794 1936 blandisque

471 1991 474 1995 ,
532 1947 815 1988 sermonibus
841 1947 1075 1999 delinivit;
1111 1948 1427 2002 promisitque,
1450 1952 1496 1989 et
1525 1948 1629 2002 plus
1656 1949 1794 1990 solito

533 2012 696 2062 tenuit,
737 2013 1044 2066 equitaturam
1091 2013 1275 2055 forestae
1319 2014 1478 2056 eodem
1524 2027 1645 2056 anno
1697 2015 1795 2056 fieri

533 2077 712 2127 debere,
735 2083 782 2119 et
801 2079 868 2120 ita
889 2078 1062 2120 factum
1085 2084 1168 2121 est.

579 2230 589 2252 ¹
613 2233 807 2265 ‘denarium
823 2233 952 2274 unum,'
969 2233 1046 2266 MS.
1063 2233 1153 2266 Cott.
1167 2233 1273 2274 Vesp-

685 2305 699 2325 ²
719 2305 762 2339 Εἴ
778 2305 859 2350 τόγε
874 2304 986 2349 τίμιον
1001 2304 1136 2341 εὐτελὲς
1151 2305 1197 2341 ὡς
1213 2305 1250 2339 δὲ
1267 2305 1322 2340 καὶ
1353 2305 1503 2350 ἔμπαλιν
1518 2304 1592 2340 οἴει·

721 2349 799 2386 Οὕτ’
817 2349 877 2386 οὖν
889 2351 1062 2397 φειδωλὸς
1078 2350 1191 2396 δόξῃς,
1209 2350 1278 2386 οὔτ’
1296 2350 1338 2386 αὖ
1353 2352 1567 2396 πλεονέκτης.

716 2436 818 2470 Quod
834 2436 900 2468 vile
916 2439 980 2476 est,
994 2446 1121 2477 carum,
1136 2436 1227 2476 quod
1243 2446 1369 2477 carum,
1384 2437 1451 2469 vile
1468 2440 1585 2477 putato
1598 2448 1606 2468 z

718 2482 774 2514 Sic
790 2483 852 2515 tibi
867 2492 928 2514 nec
943 2483 1102 2522 cupidus,
1118 2493 1179 2514 nec
1194 2492 1318 2514 avarus
1333 2483 1480 2514 nosceris
1495 2483 1570 2515 ulli.

955 2529 1060 2560 Dion.
1075 2529 1215 2561 Catonis
1230 2529 1378 2560 Distich.
1393 2529 1453 2561 lib.
1471 2530 1495 2561 i.
1511 2529 1590 2561 dist.
1606 2530 1700 2561 xxix.

580 2599 594 2618 ³
615 2601 697 2633 This
712 2604 818 2642 truce,
828 2601 940 2633 which
950 2611 1023 2633 was
1035 2605 1146 2642 grant·
1181 2602 1260 2633 Pat.
1286 2604 1328 2633 28
1362 2601 1426 2633 Ed.
1455 2602 1485 2634 Ι.
1511 2611 1555 2634 m.
1586 2604 1627 2641 ὃς
1659 2603 1796 2642 Rymer,

535 2648 577 2679 ed
593 2651 628 2679 at
641 2648 697 2680 the
716 2649 856 2687 petition
872 2648 910 2680 of
927 2648 983 2680 the
999 2648 1091 2688 King
1112 2647 1150 2679 of
1182 2648 1338 2688 Foedera,
1354 2648 1378 2679 i.
1393 2650 1469 2680 924.

536 2694 675 2734 France,
697 2695 863 2726 extended
883 2694 965 2726 from
989 2694 1045 2726 the
1069 2695 1146 2725 date

535 2740 572 2770 of
583 2740 637 2770 the
653 2740 766 2771 letters
781 2744 908 2780 patent,
920 2741 985 2772 viz.
996 2741 1052 2772 the
1069 2740 1147 2772 aoth
1235 2738 1247 2757 ⁴
1267 2740 1276 2758 ‘
1289 2740 1418 2779 iratus‚’
1450 2740 1551 2773 MSS.
1576 2740 1665 2773 Cott.
1692 2740 1800 2779 Vesp-

536 2786 573 2816 os
584 2786 731 2817 October
746 2787 797 2818 till
815 2787 1052 2819 Whitsuntide,
1070 2787 1147 2819 Rot.
1183 2787 1250 2818 and
1266 2786 1354 2819 Con.
1368 2786 1461 2819 Trin-
