<?xml version="1.0" encoding="UTF-8"?>
<!DOCTYPE html PUBLIC "-//W3C//DTD XHTML 1.0 Transitional//EN"
    "http://www.w3.org/TR/xhtml1/DTD/xhtml1-transitional.dtd">
<html xmlns="http://www.w3.org/1999/xhtml" xml:lang="en" lang="en">
 <head>
  <title>
</title>
<meta http-equiv="Content-Type" content="text/html;charset=utf-8" />
  <meta name='ocr-system' content='tesseract 3.04.00' />
  <meta name='ocr-capabilities' content='ocr_page ocr_carea ocr_par ocr_line ocrx_word'/>
</head>
<body>
  <div class='ocr_page' id='page_1' title='image "./chronicondominiw02hemiuoft/chronicondominiw02hemiuoft_0358.png"; bbox 0 0 2038 3306; ppageno 0'>
   <div class='ocr_carea' id='block_1_1' title="bbox 547 309 1295 352">
    <p class='ocr_par' dir='ltr' id='par_1_1' title="bbox 547 309 1295 352">
     <span class='ocr_line' id='line_1_1' title="bbox 547 309 1295 352; baseline 0.003 -2"><span class='ocrx_word' id='word_1_1' title='bbox 547 309 634 350; x_wconf 82' lang='lat'>344</span> <span class='ocrx_word' id='word_1_2' title='bbox 1018 320 1079 351; x_wconf 79' lang='lat' dir='ltr'>cn</span> <span class='ocrx_word' id='word_1_3' title='bbox 1089 320 1295 352; x_wconf 69' lang='lat' dir='ltr'>aorucon</span> 
     </span>
    </p>
   </div>
   <div class='ocr_carea' id='block_1_2' title="bbox 336 422 2038 1069">
    <p class='ocr_par' dir='ltr' id='par_1_2' title="bbox 336 422 2038 1069">
     <span class='ocr_line' id='line_1_2' title="bbox 336 422 1809 478; baseline -0.003 -8"><span class='ocrx_word' id='word_1_4' title='bbox 336 444 455 470; x_wconf 66' lang='lat' dir='ltr'>sowa</span> <span class='ocrx_word' id='word_1_5' title='bbox 475 444 531 470; x_wconf 86' lang='lat'>111.</span> <span class='ocrx_word' id='word_1_6' title='bbox 550 424 698 466; x_wconf 80' lang='lat' dir='ltr'>faciet.</span> <span class='ocrx_word' id='word_1_7' title='bbox 782 422 842 464; x_wconf 91' lang='lat' dir='ltr'>Et</span> <span class='ocrx_word' id='word_1_8' title='bbox 884 422 970 464; x_wconf 89' lang='lat' dir='ltr'>hoc</span> <span class='ocrx_word' id='word_1_9' title='bbox 1009 435 1134 476; x_wconf 85' lang='lat' dir='ltr'>ergo,</span> <span class='ocrx_word' id='word_1_10' title='bbox 1170 424 1305 478; x_wconf 82' lang='lat' dir='ltr'>jussu</span> <span class='ocrx_word' id='word_1_11' title='bbox 1344 424 1514 466; x_wconf 90' lang='lat' dir='ltr'>domini</span> <span class='ocrx_word' id='word_1_12' title='bbox 1558 425 1647 466; x_wconf 91' lang='lat' dir='ltr'>mei</span> <span class='ocrx_word' id='word_1_13' title='bbox 1688 424 1809 478; x_wconf 84' lang='lat' dir='ltr'>regis</span> 
     </span>
     <span class='ocr_line' id='line_1_3' title="bbox 351 478 1808 543; baseline 0.001 -12"><span class='ocrx_word' id='word_1_14' title='bbox 351 478 431 504; x_wconf 71' lang='lat'>‘⁴⁸¹³&#39;</span> <span class='ocrx_word' id='word_1_15' title='bbox 447 478 521 503; x_wconf 76' lang='lat'>¹³³⁹·</span> <span class='ocrx_word' id='word_1_16' title='bbox 553 489 750 543; x_wconf 85' lang='lat' dir='ltr'>Angliae,</span> <span class='ocrx_word' id='word_1_17' title='bbox 793 489 848 530; x_wconf 90' lang='lat' dir='ltr'>de</span> <span class='ocrx_word' id='word_1_18' title='bbox 906 501 1130 530; x_wconf 88' lang='lat' dir='ltr'>consensu</span> <span class='ocrx_word' id='word_1_19' title='bbox 1191 489 1362 531; x_wconf 88' lang='lat' dir='ltr'>domini</span> <span class='ocrx_word' id='word_1_20' title='bbox 1419 490 1695 532; x_wconf 87' lang='lat' dir='ltr'>marchionis</span> <span class='ocrx_word' id='word_1_21' title='bbox 1752 491 1808 532; x_wconf 90' lang='lat' dir='ltr'>de</span> 
     </span>
     <span class='ocr_line' id='line_1_4' title="bbox 554 554 2038 625; baseline 0 -28"><span class='ocrx_word' id='word_1_22' title='bbox 554 554 894 608; x_wconf 86' lang='lat' dir='ltr'>Brendebregh,</span> <span class='ocrx_word' id='word_1_23' title='bbox 933 554 1062 596; x_wconf 91' lang='lat' dir='ltr'>ducis</span> <span class='ocrx_word' id='word_1_24' title='bbox 1118 555 1175 596; x_wconf 88' lang='lat' dir='ltr'>de</span> <span class='ocrx_word' id='word_1_25' title='bbox 1227 554 1383 604; x_wconf 87' lang='lat' dir='ltr'>Gelre,</span> <span class='ocrx_word' id='word_1_26' title='bbox 1435 555 1710 597; x_wconf 85' lang='lat' dir='ltr'>marchionis</span> <span class='ocrx_word' id='word_1_27' title='bbox 1752 556 1809 597; x_wconf 92' lang='lat' dir='ltr'>de</span> <span class='ocrx_word' id='word_1_28' title='bbox 2013 571 2038 625; x_wconf 36' lang='grc' dir='ltr'>,ξ</span> 
     </span>
     <span class='ocr_line' id='line_1_5' title="bbox 552 619 2038 675; baseline 0 -13"><span class='ocrx_word' id='word_1_29' title='bbox 552 621 582 663; x_wconf 88' lang='lat' dir='ltr'><strong>J</strong></span> <span class='ocrx_word' id='word_1_30' title='bbox 587 621 725 670; x_wconf 88' lang='lat' dir='ltr'>ulers,</span> <span class='ocrx_word' id='word_1_31' title='bbox 744 620 914 662; x_wconf 87' lang='lat' dir='ltr'>domini</span> <span class='ocrx_word' id='word_1_32' title='bbox 928 619 959 662; x_wconf 83' lang='lat' dir='ltr'><strong>J</strong></span> <span class='ocrx_word' id='word_1_33' title='bbox 963 620 1154 662; x_wconf 87' lang='lat' dir='ltr'>ohannis</span> <span class='ocrx_word' id='word_1_34' title='bbox 1176 619 1233 661; x_wconf 88' lang='lat' dir='ltr'>de</span> <span class='ocrx_word' id='word_1_35' title='bbox 1260 619 1527 670; x_wconf 84' lang='lat' dir='ltr'>Hannonia,</span> <span class='ocrx_word' id='word_1_36' title='bbox 1549 626 1596 662; x_wconf 88' lang='lat' dir='ltr'>et</span> <span class='ocrx_word' id='word_1_37' title='bbox 1615 621 1808 663; x_wconf 79' lang='lat' dir='ltr'>aliorum</span> <span class='ocrx_word' id='word_1_38' title='bbox 2004 627 2008 629; x_wconf 72' lang='grc'><em>’</em></span> <span class='ocrx_word' id='word_1_39' title='bbox 2025 628 2038 675; x_wconf 72' lang='lat'>¹!</span> 
     </span>
     <span class='ocr_line' id='line_1_6' title="bbox 552 685 2032 740; baseline -0.001 -13"><span class='ocrx_word' id='word_1_40' title='bbox 552 685 787 736; x_wconf 90' lang='lat' dir='ltr'>nobilium,</span> <span class='ocrx_word' id='word_1_41' title='bbox 820 698 921 727; x_wconf 89' lang='lat' dir='ltr'>cum</span> <span class='ocrx_word' id='word_1_42' title='bbox 957 685 1105 727; x_wconf 85' lang='lat' dir='ltr'>verbis</span> <span class='ocrx_word' id='word_1_43' title='bbox 1132 685 1315 727; x_wconf 84' lang='lat' dir='ltr'>decrevi</span> <span class='ocrx_word' id='word_1_44' title='bbox 1347 685 1562 727; x_wconf 90' lang='lat' dir='ltr'>nunciare</span> <span class='ocrx_word' id='word_1_45' title='bbox 1595 686 1703 727; x_wconf 90' lang='lat' dir='ltr'>dum</span> <span class='ocrx_word' id='word_1_46' title='bbox 1731 700 1810 740; x_wconf 91' lang='lat' dir='ltr'>pe-</span> <span class='ocrx_word' id='word_1_47' title='bbox 2029 692 2032 696; x_wconf 81' lang='grc'><em>’</em></span> 
     </span>
     <span class='ocr_line' id='line_1_7' title="bbox 553 750 1809 804; baseline 0 -12"><span class='ocrx_word' id='word_1_48' title='bbox 553 765 633 793; x_wconf 87' lang='lat' dir='ltr'>nes</span> <span class='ocrx_word' id='word_1_49' title='bbox 659 765 740 794; x_wconf 85' lang='lat' dir='ltr'>vos</span> <span class='ocrx_word' id='word_1_50' title='bbox 764 756 811 793; x_wconf 92' lang='lat' dir='ltr'>et</span> <span class='ocrx_word' id='word_1_51' title='bbox 827 756 1067 804; x_wconf 80' lang='lat' dir='ltr'>magnates</span> <span class='ocrx_word' id='word_1_52' title='bbox 1088 750 1144 792; x_wconf 91' lang='lat' dir='ltr'>de</span> <span class='ocrx_word' id='word_1_53' title='bbox 1164 751 1314 804; x_wconf 89' lang='lat' dir='ltr'>patria</span> <span class='ocrx_word' id='word_1_54' title='bbox 1335 757 1489 792; x_wconf 80' lang='lat' dir='ltr'>vestra</span> <span class='ocrx_word' id='word_1_55' title='bbox 1504 751 1809 804; x_wconf 85' lang='lat' dir='ltr'>cognitionem</span> 
     </span>
     <span class='ocr_line' id='line_1_8' title="bbox 554 816 1812 870; baseline -0.001 -11"><span class='ocrx_word' id='word_1_56' title='bbox 554 831 644 859; x_wconf 92' lang='lat' dir='ltr'>non</span> <span class='ocrx_word' id='word_1_57' title='bbox 664 817 887 869; x_wconf 84' lang='lat' dir='ltr'>habeant3</span> <span class='ocrx_word' id='word_1_58' title='bbox 922 824 968 859; x_wconf 92' lang='lat' dir='ltr'>et</span> <span class='ocrx_word' id='word_1_59' title='bbox 1002 817 1118 858; x_wconf 87' lang='lat' dir='ltr'>scire</span> <span class='ocrx_word' id='word_1_60' title='bbox 1150 830 1233 859; x_wconf 86' lang='lat' dir='ltr'>vos</span> <span class='ocrx_word' id='word_1_61' title='bbox 1257 816 1376 858; x_wconf 84' lang='lat' dir='ltr'>facio</span> <span class='ocrx_word' id='word_1_62' title='bbox 1401 817 1520 870; x_wconf 91' lang='lat' dir='ltr'>quod</span> <span class='ocrx_word' id='word_1_63' title='bbox 1543 817 1583 857; x_wconf 87' lang='lat' dir='ltr'>si</span> <span class='ocrx_word' id='word_1_64' title='bbox 1603 830 1661 858; x_wconf 86' lang='lat' dir='ltr'>ex</span> <span class='ocrx_word' id='word_1_65' title='bbox 1680 822 1812 870; x_wconf 88' lang='lat' dir='ltr'>parte</span> 
     </span>
     <span class='ocr_line' id='line_1_9' title="bbox 554 882 1812 936; baseline -0.001 -12"><span class='ocrx_word' id='word_1_66' title='bbox 554 888 722 932; x_wconf 87' lang='lat' dir='ltr'>vestra,</span> <span class='ocrx_word' id='word_1_67' title='bbox 739 884 859 924; x_wconf 87' lang='lat' dir='ltr'>sicut</span> <span class='ocrx_word' id='word_1_68' title='bbox 882 896 962 936; x_wconf 89' lang='lat' dir='ltr'>per</span> <span class='ocrx_word' id='word_1_69' title='bbox 986 883 1141 924; x_wconf 80' lang='lat' dir='ltr'><strong>literas</strong></span> <span class='ocrx_word' id='word_1_70' title='bbox 1166 888 1342 924; x_wconf 83' lang='lat' dir='ltr'>vestras</span> <span class='ocrx_word' id='word_1_71' title='bbox 1373 894 1595 936; x_wconf 87' lang='lat' dir='ltr'>apparere</span> <span class='ocrx_word' id='word_1_72' title='bbox 1616 882 1812 932; x_wconf 87' lang='lat' dir='ltr'>videtur,</span> 
     </span>
     <span class='ocr_line' id='line_1_10' title="bbox 554 947 1811 1001; baseline -0.002 -11"><span class='ocrx_word' id='word_1_73' title='bbox 554 949 720 990; x_wconf 88' lang='lat' dir='ltr'>bellum</span> <span class='ocrx_word' id='word_1_74' title='bbox 746 948 987 998; x_wconf 86' lang='lat' dir='ltr'>affectatis,</span> <span class='ocrx_word' id='word_1_75' title='bbox 1010 949 1056 990; x_wconf 92' lang='lat' dir='ltr'>in</span> <span class='ocrx_word' id='word_1_76' title='bbox 1087 948 1306 1001; x_wconf 89' lang='lat' dir='ltr'>petitione</span> <span class='ocrx_word' id='word_1_77' title='bbox 1329 954 1482 990; x_wconf 89' lang='lat' dir='ltr'>vestra</span> <span class='ocrx_word' id='word_1_78' title='bbox 1507 947 1696 989; x_wconf 90' lang='lat' dir='ltr'>deficere</span> <span class='ocrx_word' id='word_1_79' title='bbox 1721 961 1811 989; x_wconf 92' lang='lat' dir='ltr'>non</span> 
     </span>
     <span class='ocr_line' id='line_1_11' title="bbox 554 1013 1813 1069; baseline -0.002 -13"><span class='ocrx_word' id='word_1_80' title='bbox 554 1015 758 1069; x_wconf 83' lang='lat' dir='ltr'>potestis,</span> <span class='ocrx_word' id='word_1_81' title='bbox 809 1014 1034 1055; x_wconf 90' lang='lat' dir='ltr'><strong>Dominus</strong></span> <span class='ocrx_word' id='word_1_82' title='bbox 1064 1020 1219 1055; x_wconf 89' lang='lat' dir='ltr'>noster</span> <span class='ocrx_word' id='word_1_83' title='bbox 1238 1027 1321 1056; x_wconf 88' lang='lat' dir='ltr'>vos</span> <span class='ocrx_word' id='word_1_84' title='bbox 1339 1013 1567 1055; x_wconf 87' lang='lat' dir='ltr'>custodire</span> <span class='ocrx_word' id='word_1_85' title='bbox 1587 1013 1813 1066; x_wconf 85' lang='lat' dir='ltr'><strong>dignetur.</strong></span> 
     </span>
    </p>
   </div>
   <div class='ocr_carea' id='block_1_3' title="bbox 340 1079 2038 1375">
    <p class='ocr_par' dir='ltr' id='par_1_3' title="bbox 340 1079 2038 1375">
     <span class='ocr_line' id='line_1_12' title="bbox 340 1079 2038 1135; baseline -0.001 -13"><span class='ocrx_word' id='word_1_86' title='bbox 340 1105 470 1135; x_wconf 56' lang='lat' dir='ltr'><strong>Momm,</strong></span> <span class='ocrx_word' id='word_1_87' title='bbox 556 1080 784 1134; x_wconf 84' lang='lat' dir='ltr'><strong>Scriptum</strong></span> <span class='ocrx_word' id='word_1_88' title='bbox 804 1079 942 1133; x_wconf 86' lang='lat' dir='ltr'>juxta</span> <span class='ocrx_word' id='word_1_89' title='bbox 964 1079 1092 1133; x_wconf 87' lang='lat' dir='ltr'>Orny</span> <span class='ocrx_word' id='word_1_90' title='bbox 1117 1079 1272 1121; x_wconf 87' lang='lat' dir='ltr'>Sancti</span> <span class='ocrx_word' id='word_1_91' title='bbox 1294 1079 1547 1129; x_wconf 82' lang='lat' dir='ltr'>Benedicti,</span> <span class='ocrx_word' id='word_1_92' title='bbox 1569 1090 1711 1120; x_wconf 76' lang='lat' dir='ltr'>xvui.</span> <span class='ocrx_word' id='word_1_93' title='bbox 1741 1079 1814 1120; x_wconf 89' lang='lat' dir='ltr'>die</span> <span class='ocrx_word' id='word_1_94' title='bbox 2037 1107 2038 1111; x_wconf 66' lang='lat'>,</span> 
     </span>
     <span class='ocr_line' id='line_1_13' title="bbox 341 1130 2038 1214; baseline -0.003 -26"><span class='ocrx_word' id='word_1_95' title='bbox 341 1138 402 1163; x_wconf 66' lang='lat'><strong>⁰⁴⁵²·</strong></span> <span class='ocrx_word' id='word_1_96' title='bbox 419 1139 460 1163; x_wconf 82' lang='lat'>¹⁸&#39;</span> <span class='ocrx_word' id='word_1_97' title='bbox 558 1146 786 1187; x_wconf 86' lang='lat' dir='ltr'>Octobris.</span> <span class='ocrx_word' id='word_1_98' title='bbox 2036 1130 2038 1214; x_wconf 80' lang='grc' dir='ltr'>Ι</span> 
     </span>
     <span class='ocr_line' id='line_1_14' title="bbox 2036 1215 2038 1256; baseline 0 0"><span class='ocrx_word' id='word_1_99' title='bbox 2036 1215 2038 1256; x_wconf 54' lang='grc' dir='ltr'><strong>ἶ</strong></span> 
     </span>
     <span class='ocr_line' id='line_1_15' title="bbox 2037 1357 2038 1375; baseline 0 0"><span class='ocrx_word' id='word_1_100' title='bbox 2037 1357 2038 1375; x_wconf 59' lang='lat'>1</span> 
     </span>
    </p>
   </div>
   <div class='ocr_carea' id='block_1_4' title="bbox 344 513 528 520">
    <p class='ocr_par' dir='ltr' id='par_1_4' title="bbox 344 513 528 520">
     <span class='ocr_line' id='line_1_16' title="bbox 344 513 528 520; baseline 0 2786"><span class='ocrx_word' id='word_1_101' title='bbox 344 513 528 520; x_wconf 95' lang='lat' dir='ltr'> </span> 
     </span>
    </p>
   </div>
   <div class='ocr_carea' id='block_1_5' title="bbox 343 1209 1824 2704">
    <p class='ocr_par' dir='ltr' id='par_1_5' title="bbox 555 1209 1817 1384">
     <span class='ocr_line' id='line_1_17' title="bbox 616 1209 1816 1263; baseline -0.001 -11"><span class='ocrx_word' id='word_1_102' title='bbox 616 1211 771 1252; x_wconf 90' lang='lat' dir='ltr'>Litera</span> <span class='ocrx_word' id='word_1_103' title='bbox 821 1210 941 1263; x_wconf 82' lang='lat' dir='ltr'>regis</span> <span class='ocrx_word' id='word_1_104' title='bbox 987 1210 1189 1251; x_wconf 87' lang='lat' dir='ltr'>Boemiae</span> <span class='ocrx_word' id='word_1_105' title='bbox 1234 1215 1280 1251; x_wconf 89' lang='lat' dir='ltr'>et</span> <span class='ocrx_word' id='word_1_106' title='bbox 1331 1209 1458 1250; x_wconf 90' lang='lat' dir='ltr'>ducis</span> <span class='ocrx_word' id='word_1_107' title='bbox 1506 1209 1816 1262; x_wconf 80' lang='lat' dir='ltr'>Lothoringiae</span> 
     </span>
     <span class='ocr_line' id='line_1_18' title="bbox 555 1274 1817 1328; baseline -0.002 -10"><span class='ocrx_word' id='word_1_108' title='bbox 555 1277 737 1318; x_wconf 91' lang='lat' dir='ltr'>domino</span> <span class='ocrx_word' id='word_1_109' title='bbox 760 1276 952 1328; x_wconf 85' lang='lat' dir='ltr'>Hugoni</span> <span class='ocrx_word' id='word_1_110' title='bbox 973 1275 1028 1316; x_wconf 93' lang='lat' dir='ltr'>de</span> <span class='ocrx_word' id='word_1_111' title='bbox 1045 1274 1249 1325; x_wconf 89' lang='lat' dir='ltr'>Geneve,</span> <span class='ocrx_word' id='word_1_112' title='bbox 1267 1275 1534 1317; x_wconf 87' lang='lat' dir='ltr'>transmissa</span> <span class='ocrx_word' id='word_1_113' title='bbox 1552 1276 1598 1316; x_wconf 94' lang='lat' dir='ltr'>in</span> <span class='ocrx_word' id='word_1_114' title='bbox 1620 1274 1817 1325; x_wconf 87' lang='lat' dir='ltr'>Gallico,</span> 
     </span>
     <span class='ocr_line' id='line_1_19' title="bbox 557 1342 796 1384; baseline -0.017 1"><span class='ocrx_word' id='word_1_115' title='bbox 557 1342 662 1384; x_wconf 88' lang='lat' dir='ltr'>talis</span> <span class='ocrx_word' id='word_1_116' title='bbox 683 1347 796 1383; x_wconf 90' lang='lat' dir='ltr'>erat.</span> 
     </span>
    </p>

    <p class='ocr_par' dir='ltr' id='par_1_6' title="bbox 343 1406 1824 2704">
     <span class='ocr_line' id='line_1_20' title="bbox 343 1406 1816 1459; baseline -0.001 -10"><span class='ocrx_word' id='word_1_117' title='bbox 343 1432 539 1458; x_wconf 54' lang='lat' dir='ltr'>Letterofthe</span> <span class='ocrx_word' id='word_1_118' title='bbox 615 1407 646 1449; x_wconf 86' lang='lat' dir='ltr'>J</span> <span class='ocrx_word' id='word_1_119' title='bbox 649 1407 867 1457; x_wconf 85' lang='lat' dir='ltr'>ohannes,</span> <span class='ocrx_word' id='word_1_120' title='bbox 899 1407 988 1448; x_wconf 84' lang='lat' dir='ltr'>Dei</span> <span class='ocrx_word' id='word_1_121' title='bbox 1008 1407 1174 1459; x_wconf 84' lang='lat' dir='ltr'>gratia,</span> <span class='ocrx_word' id='word_1_122' title='bbox 1192 1419 1271 1447; x_wconf 86' lang='lat' dir='ltr'>rex</span> <span class='ocrx_word' id='word_1_123' title='bbox 1293 1406 1494 1448; x_wconf 84' lang='lat' dir='ltr'>Boemiae</span> <span class='ocrx_word' id='word_1_124' title='bbox 1515 1411 1560 1447; x_wconf 92' lang='lat' dir='ltr'>et</span> <span class='ocrx_word' id='word_1_125' title='bbox 1584 1419 1735 1447; x_wconf 89' lang='lat' dir='ltr'>comes</span> <span class='ocrx_word' id='word_1_126' title='bbox 1759 1406 1816 1447; x_wconf 93' lang='lat' dir='ltr'>de</span> 
     </span>
     <span class='ocr_line' id='line_1_21' title="bbox 343 1466 1816 1525; baseline -0.001 -11"><span class='ocrx_word' id='word_1_127' title='bbox 343 1466 487 1525; x_wconf 49' lang='grc' dir='ltr'>ξζῖζξρζξὸ,</span> <span class='ocrx_word' id='word_1_128' title='bbox 560 1473 906 1525; x_wconf 85' lang='lat' dir='ltr'>Lucenburghe‚</span> <span class='ocrx_word' id='word_1_129' title='bbox 942 1477 988 1514; x_wconf 89' lang='lat' dir='ltr'>et</span> <span class='ocrx_word' id='word_1_130' title='bbox 1030 1472 1273 1522; x_wconf 86' lang='lat' dir='ltr'>Radulfus,</span> <span class='ocrx_word' id='word_1_131' title='bbox 1313 1472 1469 1513; x_wconf 90' lang='lat' dir='ltr'>eadem</span> <span class='ocrx_word' id='word_1_132' title='bbox 1514 1472 1679 1525; x_wconf 87' lang='lat' dir='ltr'>gratia,</span> <span class='ocrx_word' id='word_1_133' title='bbox 1720 1471 1816 1512; x_wconf 84' lang='lat' dir='ltr'>dux</span> 
     </span>
     <span class='ocr_line' id='line_1_22' title="bbox 561 1538 1817 1591; baseline -0.001 -12"><span class='ocrx_word' id='word_1_134' title='bbox 561 1539 889 1591; x_wconf 86' lang='lat' dir='ltr'>Lothoriugiae,</span> <span class='ocrx_word' id='word_1_135' title='bbox 904 1538 1070 1580; x_wconf 86' lang='lat' dir='ltr'>dilecto</span> <span class='ocrx_word' id='word_1_136' title='bbox 1090 1539 1430 1590; x_wconf 84' lang='lat' dir='ltr'>consanguineo</span> <span class='ocrx_word' id='word_1_137' title='bbox 1453 1542 1609 1578; x_wconf 90' lang='lat' dir='ltr'>nostro</span> <span class='ocrx_word' id='word_1_138' title='bbox 1633 1538 1817 1583; x_wconf 90' lang='lat' dir='ltr'>domino</span> 
     </span>
     <span class='ocr_line' id='line_1_23' title="bbox 558 1602 1814 1658; baseline -0.002 -13"><span class='ocrx_word' id='word_1_139' title='bbox 558 1604 750 1658; x_wconf 86' lang='lat' dir='ltr'>Hugoni</span> <span class='ocrx_word' id='word_1_140' title='bbox 769 1605 824 1645; x_wconf 92' lang='lat' dir='ltr'>de</span> <span class='ocrx_word' id='word_1_141' title='bbox 839 1603 1042 1654; x_wconf 87' lang='lat' dir='ltr'>Geneve‚</span> <span class='ocrx_word' id='word_1_142' title='bbox 1069 1603 1251 1645; x_wconf 92' lang='lat' dir='ltr'>domino</span> <span class='ocrx_word' id='word_1_143' title='bbox 1274 1603 1330 1644; x_wconf 88' lang='lat' dir='ltr'>de</span> <span class='ocrx_word' id='word_1_144' title='bbox 1346 1603 1513 1644; x_wconf 89' lang='lat' dir='ltr'>Vorrai</span> <span class='ocrx_word' id='word_1_145' title='bbox 1535 1608 1581 1644; x_wconf 90' lang='lat' dir='ltr'>et</span> <span class='ocrx_word' id='word_1_146' title='bbox 1604 1602 1814 1652; x_wconf 89' lang='lat' dir='ltr'>Anchon‚</span> 
     </span>
     <span class='ocr_line' id='line_1_24' title="bbox 556 1668 1818 1721; baseline -0.003 -9"><span class='ocrx_word' id='word_1_147' title='bbox 556 1671 766 1712; x_wconf 82' lang='lat' dir='ltr'>salutem.</span> <span class='ocrx_word' id='word_1_148' title='bbox 830 1668 947 1720; x_wconf 83' lang='lat' dir='ltr'>Quae</span> <span class='ocrx_word' id='word_1_149' title='bbox 961 1669 1078 1710; x_wconf 89' lang='lat' dir='ltr'>enim</span> <span class='ocrx_word' id='word_1_150' title='bbox 1093 1669 1429 1710; x_wconf 85' lang='lat' dir='ltr'>balistariorum</span> <span class='ocrx_word' id='word_1_151' title='bbox 1443 1668 1662 1721; x_wconf 68' lang='lat' dir='ltr'>mag-istro</span> <span class='ocrx_word' id='word_1_152' title='bbox 1676 1668 1818 1709; x_wconf 92' lang='lat' dir='ltr'>domi-</span> 
     </span>
     <span class='ocr_line' id='line_1_25' title="bbox 559 1734 1819 1787; baseline -0.002 -11"><span class='ocrx_word' id='word_1_153' title='bbox 559 1737 603 1776; x_wconf 93' lang='lat' dir='ltr'>ni</span> <span class='ocrx_word' id='word_1_154' title='bbox 636 1735 779 1777; x_wconf 85' lang='lat' dir='ltr'>nostri</span> <span class='ocrx_word' id='word_1_155' title='bbox 810 1735 931 1787; x_wconf 87' lang='lat' dir='ltr'>regis</span> <span class='ocrx_word' id='word_1_156' title='bbox 958 1735 1164 1775; x_wconf 87' lang='lat' dir='ltr'>Franciae</span> <span class='ocrx_word' id='word_1_157' title='bbox 1183 1734 1380 1775; x_wconf 85' lang='lat' dir='ltr'>scribere</span> <span class='ocrx_word' id='word_1_158' title='bbox 1404 1734 1614 1783; x_wconf 81' lang='lat' dir='ltr'>curastis,</span> <span class='ocrx_word' id='word_1_159' title='bbox 1636 1734 1819 1787; x_wconf 83' lang='lat' dir='ltr'>inspex-</span> 
     </span>
     <span class='ocr_line' id='line_1_26' title="bbox 558 1799 1821 1853; baseline -0.002 -11"><span class='ocrx_word' id='word_1_160' title='bbox 558 1802 704 1849; x_wconf 90' lang='lat' dir='ltr'>imus;</span> <span class='ocrx_word' id='word_1_161' title='bbox 743 1806 790 1842; x_wconf 89' lang='lat' dir='ltr'>et</span> <span class='ocrx_word' id='word_1_162' title='bbox 814 1813 895 1841; x_wconf 90' lang='lat' dir='ltr'>vos</span> <span class='ocrx_word' id='word_1_163' title='bbox 919 1801 1034 1841; x_wconf 84' lang='lat' dir='ltr'>scire</span> <span class='ocrx_word' id='word_1_164' title='bbox 1060 1800 1252 1840; x_wconf 84' lang='lat' dir='ltr'>facimus</span> <span class='ocrx_word' id='word_1_165' title='bbox 1280 1800 1401 1853; x_wconf 92' lang='lat' dir='ltr'>quod</span> <span class='ocrx_word' id='word_1_166' title='bbox 1430 1799 1638 1841; x_wconf 89' lang='lat' dir='ltr'>dominus</span> <span class='ocrx_word' id='word_1_167' title='bbox 1666 1804 1821 1840; x_wconf 87' lang='lat' dir='ltr'>noster</span> 
     </span>
     <span class='ocr_line' id='line_1_27' title="bbox 559 1865 1819 1919; baseline -0.002 -12"><span class='ocrx_word' id='word_1_168' title='bbox 559 1880 641 1908; x_wconf 84' lang='lat' dir='ltr'>rex</span> <span class='ocrx_word' id='word_1_169' title='bbox 666 1866 874 1907; x_wconf 85' lang='lat' dir='ltr'>Franciae</span> <span class='ocrx_word' id='word_1_170' title='bbox 896 1878 1180 1919; x_wconf 84' lang='lat' dir='ltr'>quaecunque</span> <span class='ocrx_word' id='word_1_171' title='bbox 1204 1865 1451 1918; x_wconf 80' lang='lat' dir='ltr'>praedictus</span> <span class='ocrx_word' id='word_1_172' title='bbox 1476 1865 1692 1918; x_wconf 81' lang='lat' dir='ltr'>magister</span> <span class='ocrx_word' id='word_1_173' title='bbox 1721 1865 1819 1917; x_wconf 86' lang='lat' dir='ltr'>regi</span> 
     </span>
     <span class='ocr_line' id='line_1_28' title="bbox 562 1930 1819 1985; baseline -0.002 -12"><span class='ocrx_word' id='word_1_174' title='bbox 562 1932 745 1985; x_wconf 83' lang='lat' dir='ltr'>Angliae</span> <span class='ocrx_word' id='word_1_175' title='bbox 775 1931 1024 1984; x_wconf 88' lang='lat' dir='ltr'>scripserit,</span> <span class='ocrx_word' id='word_1_176' title='bbox 1054 1931 1152 1972; x_wconf 89' lang='lat' dir='ltr'>sine</span> <span class='ocrx_word' id='word_1_177' title='bbox 1188 1930 1406 1971; x_wconf 89' lang='lat' dir='ltr'>dilatione</span> <span class='ocrx_word' id='word_1_178' title='bbox 1436 1943 1526 1971; x_wconf 91' lang='lat' dir='ltr'>non</span> <span class='ocrx_word' id='word_1_179' title='bbox 1558 1930 1788 1971; x_wconf 79' lang='lat' dir='ltr'>‘desinet&#39;</span> <span class='ocrx_word' id='word_1_180' title='bbox 1806 1930 1819 1952; x_wconf 89' lang='lat'>¹</span> 
     </span>
     <span class='ocr_line' id='line_1_29' title="bbox 561 1995 1816 2051; baseline 0 -13"><span class='ocrx_word' id='word_1_181' title='bbox 561 1997 825 2051; x_wconf 89' lang='lat' dir='ltr'>adimplere,</span> <span class='ocrx_word' id='word_1_182' title='bbox 846 2002 892 2037; x_wconf 90' lang='lat' dir='ltr'>et</span> <span class='ocrx_word' id='word_1_183' title='bbox 923 1997 1008 2037; x_wconf 88' lang='lat' dir='ltr'>hoc</span> <span class='ocrx_word' id='word_1_184' title='bbox 1033 1996 1159 2036; x_wconf 91' lang='lat' dir='ltr'>vobis</span> <span class='ocrx_word' id='word_1_185' title='bbox 1184 1995 1482 2037; x_wconf 88' lang='lat' dir='ltr'>testificamur</span> <span class='ocrx_word' id='word_1_186' title='bbox 1502 2009 1586 2049; x_wconf 91' lang='lat' dir='ltr'>pro</span> <span class='ocrx_word' id='word_1_187' title='bbox 1609 1996 1816 2038; x_wconf 89' lang='lat' dir='ltr'>veritate.</span> 
     </span>
     <span class='ocr_line' id='line_1_30' title="bbox 563 2060 1820 2115; baseline -0.002 -11"><span class='ocrx_word' id='word_1_188' title='bbox 563 2064 638 2104; x_wconf 89' lang='lat' dir='ltr'>Ita</span> <span class='ocrx_word' id='word_1_189' title='bbox 662 2068 814 2104; x_wconf 90' lang='lat' dir='ltr'>tamen</span> <span class='ocrx_word' id='word_1_190' title='bbox 836 2062 958 2115; x_wconf 92' lang='lat' dir='ltr'>quod</span> <span class='ocrx_word' id='word_1_191' title='bbox 985 2062 1086 2103; x_wconf 90' lang='lat' dir='ltr'>loco</span> <span class='ocrx_word' id='word_1_192' title='bbox 1116 2060 1354 2103; x_wconf 87' lang='lat' dir='ltr'>sufficienti</span> <span class='ocrx_word' id='word_1_193' title='bbox 1389 2061 1484 2111; x_wconf 90' lang='lat' dir='ltr'>fiat,</span> <span class='ocrx_word' id='word_1_194' title='bbox 1508 2066 1554 2102; x_wconf 91' lang='lat' dir='ltr'>et</span> <span class='ocrx_word' id='word_1_195' title='bbox 1585 2062 1705 2114; x_wconf 91' lang='lat' dir='ltr'>quod</span> <span class='ocrx_word' id='word_1_196' title='bbox 1737 2075 1820 2102; x_wconf 83' lang='lat' dir='ltr'>rex</span> 
     </span>
     <span class='ocr_line' id='line_1_31' title="bbox 561 2127 1823 2181; baseline -0.001 -12"><span class='ocrx_word' id='word_1_197' title='bbox 561 2129 746 2181; x_wconf 84' lang='lat' dir='ltr'>Angliae</span> <span class='ocrx_word' id='word_1_198' title='bbox 767 2128 833 2169; x_wconf 89' lang='lat' dir='ltr'>sic</span> <span class='ocrx_word' id='word_1_199' title='bbox 867 2128 989 2168; x_wconf 89' lang='lat' dir='ltr'>lente</span> <span class='ocrx_word' id='word_1_200' title='bbox 1015 2127 1246 2181; x_wconf 85' lang='lat' dir='ltr'>procedat,</span> <span class='ocrx_word' id='word_1_201' title='bbox 1272 2127 1392 2180; x_wconf 92' lang='lat' dir='ltr'>quod</span> <span class='ocrx_word' id='word_1_202' title='bbox 1425 2127 1633 2168; x_wconf 91' lang='lat' dir='ltr'>dominus</span> <span class='ocrx_word' id='word_1_203' title='bbox 1667 2131 1823 2168; x_wconf 89' lang='lat' dir='ltr'>noster</span> 
     </span>
     <span class='ocr_line' id='line_1_32' title="bbox 562 2192 1821 2246; baseline -0.002 -11"><span class='ocrx_word' id='word_1_204' title='bbox 562 2208 641 2235; x_wconf 89' lang='lat' dir='ltr'>rex</span> <span class='ocrx_word' id='word_1_205' title='bbox 673 2194 879 2235; x_wconf 86' lang='lat' dir='ltr'>Franciae</span> <span class='ocrx_word' id='word_1_206' title='bbox 905 2193 1053 2246; x_wconf 90' lang='lat' dir='ltr'>ipsum</span> <span class='ocrx_word' id='word_1_207' title='bbox 1089 2192 1219 2246; x_wconf 91' lang='lat' dir='ltr'>sequi</span> <span class='ocrx_word' id='word_1_208' title='bbox 1249 2193 1416 2242; x_wconf 86' lang='lat' dir='ltr'>valeat,</span> <span class='ocrx_word' id='word_1_209' title='bbox 1451 2197 1498 2233; x_wconf 89' lang='lat' dir='ltr'>et</span> <span class='ocrx_word' id='word_1_210' title='bbox 1533 2192 1652 2234; x_wconf 88' lang='lat' dir='ltr'>sicut</span> <span class='ocrx_word' id='word_1_211' title='bbox 1683 2192 1821 2233; x_wconf 88' lang='lat' dir='ltr'>talem</span> 
     </span>
     <span class='ocr_line' id='line_1_33' title="bbox 562 2257 1821 2311; baseline -0.002 -10"><span class='ocrx_word' id='word_1_212' title='bbox 562 2261 829 2310; x_wconf 83' lang='lat' dir='ltr'>exercitum,</span> <span class='ocrx_word' id='word_1_213' title='bbox 873 2259 938 2299; x_wconf 89' lang='lat' dir='ltr'>sic</span> <span class='ocrx_word' id='word_1_214' title='bbox 992 2259 1113 2311; x_wconf 84' lang='lat' dir='ltr'>regis</span> <span class='ocrx_word' id='word_1_215' title='bbox 1162 2258 1199 2298; x_wconf 90' lang='lat' dir='ltr'>F</span> <span class='ocrx_word' id='word_1_216' title='bbox 1205 2258 1370 2299; x_wconf 84' lang='lat' dir='ltr'>ranciae</span> <span class='ocrx_word' id='word_1_217' title='bbox 1416 2263 1462 2299; x_wconf 91' lang='lat' dir='ltr'>et</span> <span class='ocrx_word' id='word_1_218' title='bbox 1501 2257 1684 2310; x_wconf 86' lang='lat' dir='ltr'>Angliae</span> <span class='ocrx_word' id='word_1_219' title='bbox 1724 2258 1821 2301; x_wconf 86' lang='lat' dir='ltr'>fore</span> 
     </span>
     <span class='ocr_line' id='line_1_34' title="bbox 548 2323 1822 2382; baseline -0.002 -15"><span class='ocrx_word' id='word_1_220' title='bbox 548 2330 827 2382; x_wconf 79' lang='lat' dir='ltr'>noscuntur,</span> <span class='ocrx_word' id='word_1_221' title='bbox 851 2324 1095 2377; x_wconf 86' lang='lat' dir='ltr'>procedere</span> <span class='ocrx_word' id='word_1_222' title='bbox 1120 2323 1263 2364; x_wconf 90' lang='lat' dir='ltr'>decet.</span> <span class='ocrx_word' id='word_1_223' title='bbox 1335 2323 1397 2364; x_wconf 91' lang='lat' dir='ltr'>Et</span> <span class='ocrx_word' id='word_1_224' title='bbox 1422 2323 1579 2364; x_wconf 86' lang='lat' dir='ltr'>sciatis</span> <span class='ocrx_word' id='word_1_225' title='bbox 1603 2323 1725 2376; x_wconf 91' lang='lat' dir='ltr'>quod</span> <span class='ocrx_word' id='word_1_226' title='bbox 1749 2324 1822 2364; x_wconf 90' lang='lat' dir='ltr'>die</span> 
     </span>
     <span class='ocr_line' id='line_1_35' title="bbox 563 2388 1823 2444; baseline -0.002 -11"><span class='ocrx_word' id='word_1_227' title='bbox 563 2391 781 2433; x_wconf 85' lang='lat' dir='ltr'>Mercurii</span> <span class='ocrx_word' id='word_1_228' title='bbox 814 2389 1024 2444; x_wconf 85' lang='lat' dir='ltr'>proximo</span> <span class='ocrx_word' id='word_1_229' title='bbox 1062 2389 1216 2430; x_wconf 83' lang='lat' dir='ltr'>futura</span> <span class='ocrx_word' id='word_1_230' title='bbox 1247 2402 1406 2430; x_wconf 87' lang='lat' dir='ltr'>versus</span> <span class='ocrx_word' id='word_1_231' title='bbox 1436 2389 1690 2430; x_wconf 85' lang='lat' dir='ltr'>exercitum</span> <span class='ocrx_word' id='word_1_232' title='bbox 1725 2388 1823 2430; x_wconf 90' lang='lat' dir='ltr'>An-</span> 
     </span>
     <span class='ocr_line' id='line_1_36' title="bbox 562 2454 1822 2509; baseline -0.002 -11"><span class='ocrx_word' id='word_1_233' title='bbox 562 2458 667 2509; x_wconf 82' lang='lat' dir='ltr'>gliae</span> <span class='ocrx_word' id='word_1_234' title='bbox 689 2458 785 2498; x_wconf 91' lang='lat' dir='ltr'>sine</span> <span class='ocrx_word' id='word_1_235' title='bbox 806 2456 1024 2497; x_wconf 88' lang='lat' dir='ltr'>dilatione</span> <span class='ocrx_word' id='word_1_236' title='bbox 1045 2467 1227 2496; x_wconf 88' lang='lat' dir='ltr'>movere</span> <span class='ocrx_word' id='word_1_237' title='bbox 1250 2467 1300 2495; x_wconf 90' lang='lat' dir='ltr'>se</span> <span class='ocrx_word' id='word_1_238' title='bbox 1321 2455 1545 2507; x_wconf 87' lang='lat' dir='ltr'>proponit.</span> <span class='ocrx_word' id='word_1_239' title='bbox 1610 2454 1666 2495; x_wconf 91' lang='lat' dir='ltr'>In</span> <span class='ocrx_word' id='word_1_240' title='bbox 1690 2454 1822 2495; x_wconf 84' lang='lat' dir='ltr'>testi-</span> 
     </span>
     <span class='ocr_line' id='line_1_37' title="bbox 562 2519 1822 2576; baseline -0.002 -14"><span class='ocrx_word' id='word_1_241' title='bbox 562 2523 761 2564; x_wconf 88' lang='lat' dir='ltr'>monium</span> <span class='ocrx_word' id='word_1_242' title='bbox 801 2522 923 2576; x_wconf 91' lang='lat' dir='ltr'>quod</span> <span class='ocrx_word' id='word_1_243' title='bbox 963 2520 1177 2574; x_wconf 86' lang='lat' dir='ltr'>quicquid</span> <span class='ocrx_word' id='word_1_244' title='bbox 1230 2520 1450 2572; x_wconf 86' lang='lat' dir='ltr'>magister</span> <span class='ocrx_word' id='word_1_245' title='bbox 1486 2519 1822 2560; x_wconf 89' lang='lat' dir='ltr'>balistariorum</span> 
     </span>
     <span class='ocr_line' id='line_1_38' title="bbox 563 2585 1824 2642; baseline -0.002 -13"><span class='ocrx_word' id='word_1_246' title='bbox 563 2589 659 2642; x_wconf 86' lang='lat' dir='ltr'>regi</span> <span class='ocrx_word' id='word_1_247' title='bbox 686 2588 866 2641; x_wconf 86' lang='lat' dir='ltr'>Angliae</span> <span class='ocrx_word' id='word_1_248' title='bbox 896 2586 1130 2640; x_wconf 88' lang='lat' dir='ltr'>scripserit</span> <span class='ocrx_word' id='word_1_249' title='bbox 1161 2585 1397 2626; x_wconf 86' lang='lat' dir='ltr'>veritatem</span> <span class='ocrx_word' id='word_1_250' title='bbox 1426 2585 1672 2634; x_wconf 88' lang='lat' dir='ltr'>contineat,</span> <span class='ocrx_word' id='word_1_251' title='bbox 1707 2598 1824 2638; x_wconf 85' lang='lat' dir='ltr'>prae-</span> 
     </span>
     <span class='ocr_line' id='line_1_39' title="bbox 563 2650 1822 2704; baseline -0.002 -11"><span class='ocrx_word' id='word_1_252' title='bbox 563 2654 767 2695; x_wconf 88' lang='lat' dir='ltr'>sentibus</span> <span class='ocrx_word' id='word_1_253' title='bbox 820 2653 964 2693; x_wconf 90' lang='lat' dir='ltr'>literis</span> <span class='ocrx_word' id='word_1_254' title='bbox 1022 2651 1174 2704; x_wconf 83' lang='lat' dir='ltr'>sigilla</span> <span class='ocrx_word' id='word_1_255' title='bbox 1224 2656 1382 2692; x_wconf 87' lang='lat' dir='ltr'>nostra</span> <span class='ocrx_word' id='word_1_256' title='bbox 1440 2655 1545 2691; x_wconf 87' lang='lat' dir='ltr'>sunt</span> <span class='ocrx_word' id='word_1_257' title='bbox 1598 2650 1822 2703; x_wconf 87' lang='lat' dir='ltr'>apposita.</span> 
     </span>
    </p>
   </div>
   <div class='ocr_carea' id='block_1_6' title="bbox 629 2816 1773 2858">
    <p class='ocr_par' dir='ltr' id='par_1_7' title="bbox 629 2816 1773 2858">
     <span class='ocr_line' id='line_1_40' title="bbox 629 2816 1773 2858; baseline -0.002 -9"><span class='ocrx_word' id='word_1_258' title='bbox 629 2817 634 2834; x_wconf 84' lang='lat'><strong>¹</strong></span> <span class='ocrx_word' id='word_1_259' title='bbox 658 2819 667 2835; x_wconf 91' lang='lat'>‘</span> <span class='ocrx_word' id='word_1_260' title='bbox 680 2819 829 2858; x_wconf 50' lang='lat' dir='ltr'>deserit(</span> <span class='ocrx_word' id='word_1_261' title='bbox 850 2819 949 2850; x_wconf 92' lang='lat' dir='ltr'>MSS.</span> <span class='ocrx_word' id='word_1_262' title='bbox 966 2819 1053 2850; x_wconf 78' lang='lat' dir='ltr'>Cott.</span> <span class='ocrx_word' id='word_1_263' title='bbox 1075 2818 1178 2858; x_wconf 77' lang='lat' dir='ltr'>Nem,</span> <span class='ocrx_word' id='word_1_264' title='bbox 1197 2817 1243 2849; x_wconf 88' lang='lat' dir='ltr'>D.</span> <span class='ocrx_word' id='word_1_265' title='bbox 1259 2818 1309 2856; x_wconf 91' lang='lat' dir='ltr'>ii.‚</span> <span class='ocrx_word' id='word_1_266' title='bbox 1321 2817 1387 2847; x_wconf 89' lang='lat' dir='ltr'>and</span> <span class='ocrx_word' id='word_1_267' title='bbox 1404 2816 1490 2848; x_wconf 85' lang='lat' dir='ltr'>Con.</span> <span class='ocrx_word' id='word_1_268' title='bbox 1506 2816 1599 2847; x_wconf 88' lang='lat' dir='ltr'>Trin.</span> <span class='ocrx_word' id='word_1_269' title='bbox 1616 2816 1657 2847; x_wconf 88' lang='lat' dir='ltr'>R.</span> <span class='ocrx_word' id='word_1_270' title='bbox 1674 2820 1706 2855; x_wconf 88' lang='lat'>5,</span> <span class='ocrx_word' id='word_1_271' title='bbox 1723 2818 1773 2847; x_wconf 88' lang='grc'>10.</span> 
     </span>
    </p>
   </div>
   <div class='ocr_carea' id='block_1_7' title="bbox 1985 1746 2038 3306">
    <p class='ocr_par' dir='ltr' id='par_1_8' title="bbox 1985 1746 2038 3306">
     <span class='ocr_line' id='line_1_41' title="bbox 1985 1746 2038 3306; baseline 0 0"><span class='ocrx_word' id='word_1_272' title='bbox 1985 1746 2038 3306; x_wconf 95' lang='lat' dir='ltr'> </span> 
     </span>
    </p>
   </div>
  </div>
 </body>
</html>
