2038 3306
461 282 688 315 wiwrmu
726 283 788 314 uu
821 283 1197 316 nummessuncu.
1391 274 1480 316 899

210 387 383 430 faciant
414 387 718 430 voluntatem.
789 387 1059 430 Cardinales
1097 389 1284 442 insuper
1325 393 1480 442 partes
1498 400 1619 427 sama
1638 400 1696 426 111.

211 467 320 496 suas
350 454 593 507 diligenter
622 460 858 508 apponant
895 468 979 508 pro
1011 455 1298 497 absolutione
1337 455 1479 496 Flan-
1497 435 1595 514 Τζεῗ
1611 434 1686 459 ¹³⁴³‘

212 520 460 571 drensium‚
496 526 542 562 et
578 521 818 562 sententiis
857 534 973 574 quas
1016 522 1308 562 incurrerunt
1354 534 1480 562 amo-
1498 524 1623 547 between

213 586 390 636 vendis,
415 593 461 629 et
495 587 617 640 quod
652 587 728 628 via
757 587 878 628 bona
910 592 957 629 et
990 587 1278 628 rationabilis
1308 587 1481 628 inveni·
1498 555 1684 614 3522ssoe-

215 658 322 694 atur
371 654 550 695 curiose
602 653 722 695 vices
776 665 885 694 suas
937 652 1246 706 interponant.
1318 653 1484 695 Comes

218 718 451 761 Flandriae
474 720 592 761 sicut
615 719 826 761 dominus
848 719 1039 760 durante
1063 724 1227 772 treuga
1249 726 1484 761 remaneat

214 786 261 827 in
294 785 525 836 Flandria,
546 785 614 827 ita
646 790 800 827 tamen
823 785 944 839 quod
975 785 1062 826 hoc
1094 786 1174 827 fiat
1203 785 1260 827 de
1292 798 1484 827 assensu

216 851 376 905 populi
399 851 646 893 Flandriae.
715 851 765 892 Si
786 863 894 892 vero
918 851 1061 905 aliqui
1082 851 1129 892 in
1155 851 1390 893 Vasconia
1411 851 1484 893 vel

217 917 343 967 alibi,
385 917 580 959 durante
614 921 795 967 treuga,
828 917 987 958 vicinis
1025 917 1120 958 suis
1165 917 1238 958 vel
1290 917 1485 959 inimicis

216 983 361 1037 partis
381 982 586 1024 adversae
608 995 823 1035 guerram
843 983 1083 1030 suscitent,
1105 982 1217 1024 dicti
1249 995 1382 1035 reges
1402 996 1486 1024 nec

217 1061 300 1103 per
337 1062 388 1090 se
430 1061 514 1090 nec
552 1061 635 1102 per
674 1048 805 1097 alios,
838 1048 1008 1090 directe
1044 1049 1120 1089 vel
1161 1048 1398 1099 indirecte,
1436 1062 1487 1091 se

220 1115 483 1157 nullatenus
515 1114 841 1165 intromittant,
870 1127 954 1155 nec
984 1115 1042 1155 ob
1073 1114 1160 1156 hoc
1181 1119 1359 1167 treugae
1388 1115 1486 1157 vio-

219 1181 327 1222 latae
363 1181 456 1222 sint
491 1193 575 1222 nec
601 1180 796 1222 infectae.
867 1180 992 1222 Dicti
1024 1193 1133 1225 vero
1167 1193 1300 1234 reges
1331 1186 1487 1235 partes

220 1259 330 1289 suas
366 1247 609 1300 diligenter
645 1247 743 1288 sine
781 1246 942 1287 fraude
976 1251 1226 1300 apponant,
1261 1260 1318 1288 ne
1350 1248 1487 1289 unius

221 1313 369 1367 partis
407 1313 597 1362 subditi,
639 1312 834 1354 durante
877 1316 1058 1366 treuga,
1102 1314 1224 1366 parti
1267 1313 1401 1355 alteri
1440 1315 1487 1355 in

223 1379 459 1421 Vasconia
479 1385 527 1421 et
548 1379 790 1420 Britannia
818 1391 1031 1430 guerram
1058 1386 1273 1421 moveant
1302 1393 1487 1433 quoquo

219 1445 382 1486 modo:
423 1458 506 1486 nec
528 1444 772 1498 ‘aliquis’¹
810 1445 888 1485 uni
921 1445 1043 1498 parti
1081 1445 1337 1501 adhaerens,
1379 1459 1489 1499 pen-

222 1511 360 1553 dente
383 1516 560 1564 treuga,
582 1511 702 1564 parti
726 1510 859 1552 alteri
886 1510 1036 1551 foedus
1067 1511 1182 1552 inire
1211 1512 1308 1552 sive
1330 1513 1488 1553 amici-

222 1577 335 1618 tiam
367 1581 381 1600 ‘
404 1575 764 1630 permittaturz’2
809 1589 894 1618 nec
928 1576 1064 1618 detur
1092 1576 1164 1618 vel
1194 1578 1490 1631 promittatur

221 1643 482 1696 quicquam,
506 1642 701 1684 durante
736 1647 917 1695 treuga,
951 1642 1122 1683 directe
1158 1643 1230 1684 vel
1270 1644 1488 1685 indirecte

223 1722 307 1763 pro
331 1721 499 1762 guerra
527 1708 810 1758 suscitanda,
841 1714 888 1750 et
917 1713 1012 1749 tam
1039 1721 1122 1761 per
1149 1714 1316 1750 terram
1351 1722 1489 1763 quam

225 1788 308 1829 per
335 1788 462 1817 mare
496 1779 670 1827 treugae
706 1774 894 1816 firmiter
929 1775 987 1815 ab
1019 1775 1229 1816 omnibus
1259 1775 1353 1817 sint
1382 1788 1489 1816 con-

224 1848 448 1892 servatae;
478 1841 525 1882 in
549 1840 786 1882 Vasconia
820 1853 929 1882 vero
964 1845 1011 1881 et
1040 1841 1087 1881 in
1119 1840 1338 1882 Flandria
1371 1842 1492 1882 infra

224 1907 483 1960 quindecim
513 1906 627 1956 dies,
653 1906 701 1947 in
719 1905 891 1958 Anglia
914 1910 960 1947 et
980 1905 1136 1947 Scotia
1155 1906 1274 1948 infra
1294 1907 1493 1960 quadra-

226 1973 358 2026 ginta
377 1972 475 2014 dies
499 1977 674 2025 treugae
696 1976 914 2013 maneant
940 1971 1249 2025 proclamatae.
1319 1972 1493 2015 Omnes

227 2039 401 2093 captivi
430 2039 576 2092 partis
603 2038 843 2091 utriusque
870 2049 899 2078 a
921 2037 1166 2080 Dominica
1189 2043 1297 2080 ante
1324 2039 1492 2081 festum

227 2103 385 2147 Sancti
430 2104 664 2147 Vincentii
706 2103 918 2156 proximo
956 2104 1191 2157 praeterita
1232 2117 1380 2158 usque
1434 2104 1493 2146 ad

229 2171 350 2212 diem
383 2175 656 2224 praesentem
680 2169 737 2211 de
768 2169 1027 2211 carceribus
1057 2169 1199 2211 libere
1234 2170 1494 2225 ejiciantur,

227 2238 348 2278 bona
368 2242 502 2290 rapta
521 2236 785 2286 reddantur,
807 2240 852 2277 et
872 2235 1019 2286 liberi,
1038 2241 1176 2289 prout
1196 2237 1314 2279 ratio
1333 2237 1495 2290 exigit,

228 2303 534 2345 dimittantur.
620 2301 766 2344 Nulla
813 2307 1103 2352 nocumenta,
1156 2305 1170 2324 ‘
1187 2302 1280 2344 vel’
1298 2301 1314 2324 ³
1363 2303 1491 2345 inva-

229 2369 399 2419 siones,
436 2369 632 2411 durante
668 2373 832 2421 treuga
866 2368 986 2409 inter
1018 2372 1173 2422 partes
1199 2369 1247 2409 iu
1279 2369 1495 2423 praejudi-

229 2435 351 2477 cium
373 2441 547 2488 treugae
575 2434 689 2476 fiant
715 2434 786 2476 vel
814 2434 1094 2487 despectum.
1165 2434 1293 2477 Dicti
1314 2448 1497 2489 quoque

230 2514 362 2556 reges
395 2506 442 2544 et
470 2502 537 2543 eis
566 2501 868 2550 adhaerentes,
895 2500 1091 2542 durante
1123 2504 1304 2553 treuga,
1337 2501 1386 2542 in
1415 2502 1499 2543 tali

278 2639 287 2658 ¹
310 2641 487 2674 Amended
517 2641 601 2673 from
631 2641 707 2673 MS.
745 2640 844 2672 Harl.

230 2689 316 2726 6553
339 2687 440 2719 MSS.
458 2685 708 2727 read‘aliqui.'
931 2684 945 2705 ⁸
966 2686 1133 2728 Supplied
1176 2686 1259 2719 from
1291 2687 1368 2719 MS.
1400 2687 1501 2721 Harl.

275 2733 289 2752 ²
312 2733 488 2765 Amended
522 2734 607 2765 from
638 2733 714 2765 MS.
747 2732 847 2764 Harl.
885 2735 962 2764 655.

229 2781 292 2811 655
304 2789 316 2820 ;
342 2779 442 2812 MSS.
458 2780 539 2812 read
553 2781 563 2798 ‘
575 2776 833 2820 permittantur!
