2038 3306
455 326 679 357 mam-nm
714 326 775 356 nn
808 326 1183 358 HEMINGBURGH.
1370 315 1456 356 165

194 432 240 468 et
276 428 554 469 arbitramur
584 428 706 482 quod
743 441 827 469 rex
863 428 1071 469 Franciae
1103 428 1344 482 promittat
1372 440 1455 481 per
1486 437 1651 496 2⁶3⁸?in

194 492 530 546 ‘juramentum
561 501 645 548 pro
678 493 833 548 ipso,’¹
860 495 906 535 in
939 494 1136 536 animam
1171 507 1302 535 suam
1333 506 1451 548 prae-
1470 526 1573 551 „md
1585 526 1618 551 of

193 559 420 609 standum,
474 573 524 602 se
579 560 759 602 tradere
809 560 1076 614 praedictam
1128 560 1268 601 filiam
1319 572 1451 601 suam
1469 559 1614 618 {ffirm-

193 624 415 678 praedicto
429 630 440 648 ‘
457 626 685 668 Edwardo
696 622 730 646 '²
746 627 926 681 nuptui,
938 634 1142 680 tempore
1158 639 1249 680 quo
1262 631 1453 668 concor·'

192 690 350 732 datum
383 693 591 735 extiterit
623 693 742 735 inter
769 693 896 747 ipsos
932 693 1004 734 vel
1032 706 1115 746 per
1143 705 1227 734 nos
1258 693 1451 735 arbitra-

194 762 290 798 tum
313 757 449 800 fuerit
473 759 546 801 vel
576 759 829 801 laudatum.
899 758 993 800 Pro
1016 759 1183 812 quibus
1211 758 1452 800 attenden-

193 823 263 864 dis
302 824 494 866 firmiter
542 831 589 867 et
636 825 831 866 fideliter
880 823 1199 877 adimplendis,
1243 824 1451 875 dicimus,

192 889 448 940 laudamus,
466 895 512 932 et
529 891 806 932 arbitramur
821 890 944 944 quod
964 903 1104 944 poena
1125 894 1138 912 ‘
1153 890 1210 931 de
1226 891 1452 943 quainter

193 960 348 1008 partes
384 956 523 997 fuerit
553 956 896 1006 concordatum,
930 956 1004 996 vel
1041 956 1118 996 ubi
1151 961 1307 1010 partes
1337 957 1451 1010 ipsae

192 1033 283 1061 non
307 1022 639 1064 concordarent
669 1035 752 1076 per
774 1035 858 1063 nos
888 1022 1154 1063 arbitranda
1177 1027 1224 1063 et
1246 1023 1450 1065 taxanda

193 1087 449 1138 firmetur,'³
469 1093 515 1130 et
530 1089 589 1130 ab
608 1093 805 1142 utraque
826 1092 959 1142 parte
981 1089 1230 1142 ‘promissa
1250 1088 1452 1130 valletur

191 1153 459 1195 solvenda*
499 1155 621 1208 parti
660 1155 839 1208 parenti
878 1167 906 1196 a
940 1159 1072 1208 parte
1108 1168 1200 1196 non
1243 1160 1450 1209 parente,

192 1232 274 1273 per
317 1233 455 1273 quam
500 1216 769 1275 ‘poenam’²
812 1221 1047 1274 negotium
1092 1221 1214 1263 istud
1262 1222 1309 1262 in
1348 1226 1450 1263 tuto

191 1291 405 1339 ponatur,
437 1292 484 1329 et
514 1292 667 1341 partes
691 1287 749 1328 ad
781 1286 882 1341 ejus
911 1287 1095 1328 finalem
1133 1288 1449 1329 executionem

192 1350 420 1394 efficacius
435 1354 723 1395 inducantur.
768 1353 914 1407 Cujus
931 1366 1080 1407 poenae
1100 1354 1450 1407 promissionem

192 1424 239 1459 et
289 1419 613 1473 obligationem
663 1418 907 1461 efficaciter
950 1419 1104 1461 valere
1144 1420 1357 1461 volumus
1403 1425 1450 1462 et

191 1484 475 1527 decernimus
514 1499 568 1527 ac
610 1491 781 1535 tenere,
818 1499 907 1527 non
943 1486 1232 1527 obstantibus
1265 1485 1449 1540 juribus

191 1563 296 1604 quae
351 1565 435 1605 pro
484 1551 698 1593 libertate
747 1551 1138 1592 matrimoniorum
1187 1552 1450 1606 hujusmodi

190 1630 354 1670 poenas
376 1617 598 1668 inhibent,
622 1631 726 1671 quae
746 1631 807 1659 ex
837 1621 964 1659 certa
987 1618 1179 1659 scientia
1208 1631 1292 1671 pro
1320 1623 1451 1660 tanto

190 1683 310 1725 bono
341 1683 542 1725 tollimus
575 1684 621 1725 in
655 1684 741 1725 hoc
768 1696 891 1725 casu.
960 1681 1197 1725 Addentes
1224 1683 1451 1725 nihilomi-

191 1762 277 1790 nus
313 1750 434 1804 quod
470 1763 602 1804 reges
642 1750 850 1804 praedicti
891 1749 1073 1803 aliquos
1111 1750 1167 1791 de
1202 1750 1450 1791 baronibus

190 1816 285 1856 suis
322 1817 618 1858 notabiliores
663 1829 746 1870 per
782 1816 1049 1871 juramenta
1091 1815 1267 1858 faciant
1312 1816 1451 1857 ‘obli-

192 1879 357 1935 gare'⁵
407 1883 464 1924 ad
517 1883 752 1937 sponsalia
803 1881 1024 1936 praedicta
1062 1888 1109 1924 et
1160 1882 1452 1924 matrimonia

190 1949 490 2002 procuranda,
514 1955 560 1990 et
581 1949 638 1990 ad
664 1949 867 1990 tollenda
893 1948 1218 2002 impedimenta
1242 1962 1326 2003 pro
1356 1953 1369 1971 ‘
1384 1949 1451 1990 vi-

191 2009 371 2056 ribus'⁶
408 2029 512 2069 quae
553 2020 742 2069 possent
777 2015 899 2056 circa
934 2014 1021 2055 hoc
1057 2015 1130 2056 vel
1171 2020 1331 2057 contra
1365 2015 1452 2056 hoc

192 2081 401 2122 inveniri.
482 2081 608 2133 Quia
639 2094 750 2123 vero
785 2080 1019 2135 sponsalia
1059 2081 1284 2133 praedicta
1315 2085 1449 2122 tanto

193 2147 389 2200 amplius
427 2148 739 2189 desideramus
770 2147 938 2187 habere
966 2145 1140 2187 felicem
1169 2146 1378 2188 effectum
1406 2151 1453 2187 et

193 2212 419 2255 efficacem
455 2218 668 2255 eventum
704 2217 878 2266 quanto
916 2224 998 2266 per
1037 2211 1124 2253 hoc
1156 2212 1454 2266 probabiliter

192 2279 418 2320 credimus
455 2292 614 2332 pacem
656 2278 920 2332 praedictam
967 2277 1141 2320 firmius
1184 2284 1230 2320 et
1271 2278 1452 2320 fidelius

192 2346 440 2394 observari,
469 2359 551 2399 pro
576 2350 705 2387 tanto
733 2345 859 2398 pacis
883 2345 1003 2385 bono
1033 2343 1318 2386 decernimus
1341 2357 1451 2385 auc-

194 2412 378 2452 toritate
409 2412 664 2465 apostolica
695 2411 815 2464 quod
849 2415 973 2451 terra
1006 2410 1129 2463 regis
1159 2410 1284 2451 illius
1320 2410 1454 2465 cujus

193 2478 330 2532 culpa
347 2477 422 2519 vel
439 2477 616 2519 malitia
639 2475 879 2519 ‘steterit’⁷
900 2476 1141 2530 quominus
1158 2480 1171 2499 ‘
1184 2476 1458 2518 contrahan-

239 2594 249 2613 ¹
273 2596 283 2614 ‘
289 2597 516 2636 juramentum
527 2605 625 2627 suum
636 2604 696 2635 pro
708 2593 807 2635 ipsa‚'
888 2590 901 2609 ⁴
923 2593 1112 2632 ‘promissa
1139 2596 1173 2625 et
1203 2593 1363 2625 solvenda
1386 2594 1459 2626 val-

191 2643 291 2674 Mss
840 2639 952 2703 letgr‘:
967 2639 1068 2692 mss
1083 2685 1090 2692 ι
1106 2685 1116 2699 ,

236 2709 250 2728 ²
273 2711 424 2743 Omitted
438 2711 473 2742 in
489 2710 590 2744 MSS.
888 2725 902 2745 6
923 2684 1303 2771 ‘Jfflffffguffffiss-

236 2777 250 2796 ³
272 2779 282 2796 ‘
297 2779 358 2810 tali
388 2789 492 2819 poena
521 2778 721 2819 apponenda
754 2778 807 2809 fir·
889 2771 902 2796 ⁷
924 2778 934 2795 ‘
949 2778 1090 2817 fecerit,'
1121 2778 1223 2811 MSS.
1257 2778 1345 2811 Coll.
1370 2778 1461 2810 Trin.

190 2825 321 2865 metur,'
337 2825 436 2857 MSS.
844 2824 911 2855 and
927 2824 1015 2857 Cott.
1030 2825 1136 2865 Vesp.
1193 2850 1196 2853 .
1322 2851 1325 2853 .
