2038 3306
558 307 645 349 330
1044 320 1324 351 eunome-ou

344 432 541 491 ngfffflff·
558 422 717 463 derent
744 421 984 472 auxilium,
1007 422 1259 472 consilium,
1281 427 1328 464 et
1358 422 1579 472 favorem,
1603 422 1677 464 vel
1710 423 1814 472 sibi,

344 483 411 545 ΜΞ,
423 483 454 545 (ζ,
468 483 542 553 1²09}
559 492 778 540 tanquam
809 487 1074 541 imperatori
1102 487 1176 528 vel
1208 488 1307 540 regi
1334 488 1663 537 Romanorum,
1684 500 1813 529 reve-

343 552 479 612 }fff‘flc‘
557 553 718 594 rentiae
740 552 932 601 cultum,
955 565 1036 594 seu
1067 552 1250 594 titulum
1280 553 1449 606 regalis
1467 553 1543 594 vel
1565 553 1812 606 imperialis

557 618 753 659 nominis
783 618 1072 670 assignarent
1099 618 1307 666 scienter,
1346 630 1400 659 ac
1432 617 1675 672 cujuslibet
1707 631 1812 671 par-

555 683 834 735 ticipationis
863 683 1033 724 soedere
1060 682 1370 724 contrahendo
1391 695 1495 723 cum
1523 683 1640 735 ipso,
1663 687 1710 723 et
1732 696 1814 723 ex-

556 747 776 789 hibitione
792 748 1066 805 *reverentiae
1089 754 1137 790 et
1154 747 1341 789 honoris
1357 748 1459 797 sibi,
1478 753 1695 800 tanquam
1715 748 1812 800 regi

556 813 629 853 vel
651 812 931 866 imperatori,
947 825 1184 867 quousque
1203 813 1352 855 dictus
1374 812 1636 854 Ludovicus
1654 825 1812 853 recon-

557 878 798 919 ciliationis
842 878 1048 933 ejusdem
1091 878 1293 920 ecclesiae
1339 878 1578 919 meruisset
1615 877 1812 930 gratiam

557 943 775 994 obtinere,
792 944 975 996 penitus
991 949 1036 985 te
1056 944 1286 985 retrahere
1298 947 1346 984 et
1361 943 1564 984 totaliter
1583 943 1812 984 abstinere

557 1020 757 1058 curares,
796 1013 849 1050 ut
879 1009 962 1049 tibi
993 1008 1127 1049 famae
1166 1008 1408 1060 integritas
1446 1012 1492 1048 et
1526 1008 1704 1048 illibata
1745 1007 1811 1048 tui

556 1074 735 1125 generis
755 1074 940 1115 claritas
968 1079 1274 1115 servarentur.
1344 1072 1461 1114 Cum
1483 1078 1636 1114 antem
1656 1085 1812 1113 rumor

555 1137 828 1192 implacidus
849 1143 896 1179 et
922 1138 1166 1179 admodum
1186 1138 1378 1178 infestus
1401 1137 1460 1177 ad
1479 1149 1563 1178 nos
1584 1137 1812 1190 perduxe-

554 1202 615 1243 rit
645 1202 732 1243 hiis
758 1203 936 1254 diebus,
968 1203 1092 1255 quod
1135 1207 1203 1252 tu,
1239 1202 1322 1251 fili,
1357 1202 1727 1254 requisitionibus
1764 1205 1810 1242 et

554 1267 870 1320 rogationibus
913 1267 1082 1308 nostris
1115 1266 1392 1320 hujusmodi,
1438 1267 1598 1319 utique
1635 1266 1809 1307 saluta-

553 1332 680 1372 ribus
700 1337 746 1373 et
772 1332 828 1373 de
845 1332 972 1373 fonte
994 1332 1323 1385 prodeuntibus
1352 1331 1573 1380 caritatis,
1596 1344 1686 1372 non
1711 1331 1809 1372 sine

553 1396 828 1438 detrimento
857 1402 950 1438 tuae
985 1397 1149 1438 salutis
1181 1401 1229 1438 et
1260 1396 1412 1446 famae,
1447 1396 1570 1449 quod
1602 1396 1809 1437 dolentes

553 1461 806 1512 referimus,
841 1461 1100 1513 obauditis3
1142 1475 1236 1502 non
1270 1461 1417 1502 solum
1450 1474 1554 1502 cum
1588 1461 1809 1514 praedicto

552 1525 807 1577 Ludovico,
842 1527 1044 1568 nondum
1083 1527 1229 1568 eidem
1263 1527 1556 1568 reconciliato
1590 1525 1808 1573 ecclesiae,

551 1604 635 1632 nec
672 1604 701 1632 a
736 1592 887 1645 poenis
920 1598 966 1633 et
995 1592 1249 1641 sententiis,
1277 1592 1443 1644 quibus
1476 1595 1663 1645 propter
1690 1603 1807 1643 prae-

553 1657 694 1697 missa
720 1662 766 1697 et
789 1656 881 1698 alia
905 1657 1051 1698 multa
1082 1657 1244 1709 gravia
1273 1656 1528 1705 commissa,
1550 1669 1632 1709 per
1657 1656 1806 1708 ipsum

553 1721 933 1773 praedecessorem
956 1726 1162 1763 nostrum
1182 1721 1443 1774 implicatus
1465 1734 1566 1762 esse
1590 1721 1808 1769 noscitur,

553 1785 746 1827 liberato
769 1803 781 1834 3
814 1799 898 1827 nec
918 1786 1054 1828 etiam
1082 1786 1370 1840 processibus
1395 1786 1604 1840 saepesati
1633 1786 1807 1839 praede-

552 1851 761 1900 cessoris,
774 1864 856 1904 per
878 1864 1009 1904 quos,
1023 1856 1075 1892 ut
1090 1851 1402 1905 p'raemittitur,
1418 1852 1474 1892 ad
1481 1863 1638 1892 versus
1653 1863 1808 1891 omnes

553 1919 598 1955 et
618 1915 824 1968 singulos
850 1916 1164 1970 cujuscunque
1190 1916 1531 1969 praeminentiae,
1554 1915 1830 1968 dignitatis„

553 1980 839 2030 conditionis,
863 1981 935 2021 vel
966 1985 1134 2030 status,
1158 1981 1338 2022 etiamsi
1360 1980 1627 2033 pontificali,
1648 1980 1808 2032 regali,

554 2044 625 2084 vel
668 2058 939 2098 quacunque
985 2045 1077 2086 alia
1118 2046 1427 2087 ecclesiastica
1465 2058 1545 2087 seu
1578 2045 1808 2086 mundana

552 2109 773 2161 dignitate
791 2110 1031 2163 fulgerent,
1050 2111 1241 2163 praefato
1263 2110 1499 2152 Ludovico
1522 2110 1807 2152 adhaerentes

551 2187 632 2215 seu
664 2180 936 2228 praestantes
966 2176 1136 2217 directe
1162 2175 1236 2217 vel
1267 2176 1499 2226 indirecte,
1530 2176 1714 2229 publice
1734 2175 1806 2217 vel

550 2240 744 2290 occulte,
787 2241 1040 2290 consilium,
1087 2241 1326 2290 auxilium,
1365 2241 1439 2283 vel
1475 2241 1693 2290 favorem,
1733 2240 1807 2282 vel

551 2305 654 2354 sibi,
682 2311 900 2358 tanquam
934 2306 1195 2359 imperatori
1230 2311 1313 2347 aut
1342 2306 1439 2358 regi
1476 2305 1806 2355 Romanorum,

551 2371 852 2412 reverentiam
881 2371 1165 2421 exhibentes,
1200 2383 1281 2412 seu
1319 2371 1505 2412 titulum
1532 2371 1702 2423 regalis
1733 2371 1807 2412 vel

551 2435 801 2487 imperialis
839 2437 1034 2477 nominis
1074 2437 1364 2488 assignantes
1394 2449 1476 2477 seu
1513 2436 1806 2490 ascribenteS,

551 2512 733 2551 graves,
755 2501 1018 2553 spirituales
1047 2514 1102 2543 ac
1132 2500 1406 2554 temporales
1440 2513 1589 2554 poenae
1620 2513 1675 2541 ac
1702 2513 1805 2541 sen—

552 2566 707 2606 tentiae
727 2565 1009 2618 infliguntur,
1028 2578 1315 2619 nequaquam
1335 2565 1571 2615 relaxatis,
1585 2566 1723 2606 immo
1735 2565 1807 2606 sui

552 2630 727 2671 roboris
767 2630 968 2672 efficacia
1007 2630 1374 2684 perdurantibus,
1414 2630 1805 2683 participationes,

553 2695 962 2737 confoederationes
979 2700 991 2718 ‘
1004 2695 1339 2748 inire’¹sibique
1354 2695 1602 2745 adhaerere,
1619 2708 1672 2736 ac
1688 2707 1806 2749 prae-

585 2792 591 2811 ¹
608 2795 726 2836 ‘jure,'
736 2796 834 2828 MSS.
844 2796 930 2828 Coll.
940 2795 1265 2838 Magd.,cott.Nero
1273 2795 1319 2826 D.
1328 2796 1377 2834 ii„
1387 2795 1452 2825 and
1460 2794 1645 2826 Coll.Trin.
1657 2795 1697 2827 R.
1712 2798 1744 2835 5,
1754 2798 1805 2826 10.
