2038 3306
562 318 649 361 326
1057 331 1119 360 cn
1127 330 1334 362 nomcon

352 455 472 481 mm,
489 455 546 481 111,
565 437 702 486 prout
724 432 870 485 exigit
898 431 1134 485 plenitudo
1168 444 1265 476 suae
1295 434 1539 486 potestatis
1562 438 1609 475 et
1637 434 1821 486 praecel-

368 488 541 514 A·¹³·¹³³⁹·
566 498 708 539 lentia
741 497 812 539 sui
855 497 956 547 fori,
990 500 1213 550 quantum
1253 498 1390 542 fuerit
1426 499 1633 549 rationis,
1666 499 1820 541 favere

352 544 448 569 Letter
459 544 491 570 oi'

301 576 305 579 ’
352 577 432 634 5233
441 577 532 636 gat-he
566 563 731 605 debeat
753 567 910 604 nostro
925 561 1035 616 juri,
1053 562 1205 615 parati
1222 574 1415 616 semper,
1428 564 1594 606 nedum
1617 576 1646 604 a
1666 569 1820 605 vestro

355 642 494 680 romana
565 633 725 670 sancto
764 627 941 670 cunctis
984 626 1257 680 praesidente
1289 627 1481 681 judicio,
1524 628 1663 671 immo
1706 634 1753 670 et
1793 642 1822 671 a

354 675 545 746 ῗᾷἷῗὲῗῖἓίηι
566 693 771 746 quolibet
805 693 896 735 alio
927 692 984 733 de
1019 692 1216 734 veritate
1250 693 1478 744 contrarii,
1504 693 1544 734 si
1581 693 1685 748 quis
1719 706 1818 736 eam

353 740 515 799 3335&ss
525 774 556 799 or
567 759 761 808 noverit,
806 757 1038 799 humiliter
1087 757 1334 801 informari.
1423 757 1485 800 Et
1531 758 1610 811 qui
1659 763 1820 811 sponte

355 805 471 831 mm*
568 823 736 865 rationi
778 823 1059 877 subjicimur,
1098 822 1236 864 aliam
1273 822 1429 864 datam
1467 824 1596 864 nobis
1626 823 1821 876 intelligi

568 889 807 930 veritatem
837 901 941 930 cum
971 887 1106 941 plena
1132 892 1178 929 et
1210 887 1368 929 humili
1401 888 1680 941 gratitudine
1699 901 1821 929 com-

567 954 830 1007 plectemur.
913 952 1036 1004 Quia
1071 965 1180 994 vero
1224 966 1322 1002 VOS,
1363 958 1517 1006 patres
1560 954 1822 1006 conscripti,

568 1020 680 1061 estis
720 1019 767 1060 in
813 1023 989 1073 partem
1042 1017 1362 1060 sollicitudinis
1410 1022 1455 1060 et
1496 1018 1673 1060 consilii
1712 1018 1822 1060 dicti

568 1084 740 1126 domini
761 1084 925 1127 summi
945 1082 1173 1136 pontificis
1187 1082 1425 1135 condignis
1440 1084 1612 1125 meritis
1626 1084 1821 1133 evocati,

567 1149 745 1202 sibique
763 1148 1013 1191 lateraliter
1033 1147 1091 1188 ad
1115 1147 1309 1188 dandam
1330 1148 1452 1200 plebi
1472 1147 1640 1189 Christi
1661 1148 1823 1190 salutis

567 1214 806 1255 scientiam
846 1212 1071 1262 assidetis,
1103 1212 1194 1253 ista
1226 1218 1392 1254 vestrae
1426 1218 1585 1265 patere
1614 1213 1822 1266 cupimus

567 1277 759 1328 notitiae,
775 1282 844 1327 ut,
859 1277 1046 1329 cognita
1068 1289 1219 1319 causae
1235 1281 1405 1319 nostrae
1420 1277 1620 1331 justitia,
1638 1278 1822 1322 veritati

568 1343 756 1396 possitis
766 1341 1043 1396 impendere,
1057 1341 1178 1395 quod
1195 1342 1380 1385 debetis.
1412 1341 1486 1384 Ad
1501 1342 1622 1395 quod
1635 1343 1823 1384 circum·

569 1409 846 1462 spectionem
870 1412 1071 1449 vestram
1084 1407 1338 1460 providam,
1357 1407 1596 1460 quae-solet
1610 1408 1709 1449 sine
1721 1421 1823 1461 per-

568 1486 783 1515 sonarum
843 1472 1108 1525 acceptione
1168 1471 1279 1526 jura
1344 1472 1628 1525 singulorum
1689 1486 1824 1528 aequo

565 1539 802 1580 libramine
826 1538 1094 1591 ponderare,
1115 1537 1284 1579 votivis
1313 1538 1522 1590 precibus
1551 1538 1823 1581 excitamus.

570 1604 630 1645 Et
650 1604 689 1644 si
716 1603 871 1646 forsan
905 1603 953 1645 in
978 1602 1099 1643 facto
1129 1607 1287 1644 nostro
1322 1602 1564 1655 quicquam
1586 1609 1823 1657 appareat,

569 1668 794 1710 cautelam
830 1671 1131 1720 exposcentes
1166 1667 1343 1708 consilii
1378 1668 1588 1716 sanioris,
1625 1681 1653 1709 a
1693 1669 1821 1709 vobis

568 1746 707 1785 super
727 1732 812 1774 hoc
833 1733 1041 1784 cupimus
1070 1731 1313 1772 salubriter
1334 1732 1585 1782 informari,
1605 1734 1756 1785 parati
1776 1734 1822 1774 in

570 1797 760 1849 agendis
794 1797 958 1838 nostris
990 1796 1183 1849 singulis
1210 1797 1369 1839 cedere
1402 1798 1580 1840 rationi.
1650 1799 1822 1840 Datum

570 1862 693 1915 apud
730 1861 1011 1914 Antewerpe
1048 1871 1152 1903 XVI.
1198 1861 1272 1902 die
1312 1862 1443 1911 Julii,
1483 1875 1603 1904 anno
1637 1864 1822 1905 Domini

573 1937 902 1968 M.CCCXXXIX.

636 2073 820 2125 Qualiter
839 2086 1016 2115 summus
1038 2073 1236 2128 Pontifex
1255 2073 1463 2127 rescmspsit
1481 2073 1585 2127 Reyi
1603 2074 1768 2129 Anqliae

1081 2138 1308 2179 Edwardo.

354 2277 418 2302 Bu„
431 2277 461 2302 os
476 2276 549 2308 1209,
634 2252 912 2294 Benedictus
957 2252 1196 2305 episcopus
1251 2263 1413 2292 servus
1453 2263 1689 2291 servorum
1734 2252 1822 2293 Dei

354 2310 500 2340 benedict,
513 2310 543 2335 in

352 2346 500 2368 mmm
567 2318 803 2359 carissimo
829 2318 875 2359 in
906 2316 999 2359 filio
1026 2316 1211 2358 Christo
1238 2315 1465 2357 Edwardo
1496 2319 1508 2337 ‘
1526 2314 1651 2357 etc.’¹
1720 2316 1820 2358 Du·

353 2375 547 2434 ffssssffigt'ter.
567 2383 675 2424 dum
733 2388 794 2433 te,
850 2382 915 2423 fili
960 2382 1204 2431 carissime,
1250 2381 1375 2422 clara
1420 2380 1590 2422 imitari
1630 2382 1822 2434 vestigia

566 2449 910 2501 progenitorum
949 2451 1131 2489 tuorum
1167 2459 1327 2498 regum
1362 2445 1560 2498 Angliae,
1593 2446 1671 2498 qui
1711 2459 1821 2499 erga

568 2513 717 2554 Deum
771 2517 817 2553 et
872 2516 1211 2555 sacrosanctam
1269 2510 1528 2552 Romanam
1585 2510 1820 2552 ecclesiam

565 2578 691 2618 velut
730 2577 983 2630 peculiares
1034 2575 1133 2629 ejus
1175 2575 1345 2616 alumni
1407 2579 1453 2615 et
1518 2574 1671 2616 devoti
1724 2575 1821 2625 filii,

564 2642 846 2695 plenitudine
868 2641 1125 2684 devotionis
1146 2645 1192 2682 et
1212 2640 1317 2681 fidei
1341 2639 1618 2689 claruerunt,
1639 2645 1821 2693 tuaeque

612 2740 619 2758 ¹
644 2742 714 2773 The
730 2742 901 2781 following
915 2751 971 2773 are
991 2741 1046 2772 the
1062 2741 1173 2771 words
1207 2741 1350 2772 salutem
1369 2743 1402 2772 et
1424 2740 1642 2780 apostolicam
1665 2741 1820 2773 benedic-

563 2788 718 2818 omitted:
744 2787 848 2827 “regi
871 2787 1005 2826 Angliae
1033 2787 1170 2825 illustri,
1204 2786 1361 2817 tionem.”
