2038 3306
551 334 637 375 226
1043 344 1319 376 ΟΗΒΟΝΙΟΟΝ

356 455 515 481 mmm,
554 444 663 472 vero
697 430 921 472 discretus
960 432 1208 484 respondit,
1250 431 1372 485 quod
1410 432 1645 473 servitium
1689 432 1809 485 quod

355 489 435 549 ‘⁴1¹²
450 489 527 515 ¹³⁰³·
556 497 750 539 debebat
775 509 856 550 pro
878 496 1071 538 tuitione
1095 502 1140 538 et
1165 497 1425 539 defensione
1454 498 1599 551 regni,
1620 502 1810 551 paratus

338 542 539 601 338ῐᾷἷῖιὲἓὲ
557 568 655 604 erat
700 562 849 603 facere
891 562 1011 603 infra
1056 562 1223 604 limites
1263 563 1468 617 ejusdem
1513 568 1674 614 terrae;
1727 562 1808 604 sed

341 608 503 667 Efflaffl‘}
512 641 544 666 οι
558 634 691 670 extra
738 640 931 680 regnum
974 639 1058 681 pro
1100 627 1259 669 alienis
1303 628 1437 669 terris
1483 628 1812 682 conquerendis

340 674 486 700 mmm
557 707 647 736 non
677 693 921 735 tenebatur
943 693 1111 742 venire,
1143 705 1201 735 ne
1230 692 1348 735 forte
1376 693 1699 748 praejudicaret
1725 692 1812 734 sibi

558 765 605 802 et
626 758 882 800 haeredibus
902 758 1014 801 suis.
1086 757 1334 812 Iratusque
1364 763 1434 800 est
1462 771 1561 807 rex,
1585 759 1664 800 sed
1697 758 1812 799 iram

558 824 866 867 dissimulavit
890 824 947 865 ad
975 831 1171 878 tempus,
1200 823 1522 878 profectusque
1553 828 1623 864 est
1653 828 1813 865 contra

558 904 713 944 regem
735 889 1022 944 Aragonum,
1045 890 1124 943 qui
1147 895 1248 932 erat
1266 889 1462 931 bellator
1482 889 1696 943 optimus.
1753 888 1813 930 Et

558 970 649 999 non
679 955 897 1010 profecit3
933 955 1131 1009 perdidit
1152 955 1269 997 enim
1291 955 1354 996 ibi
1377 955 1641 996 thesaurum
1664 967 1814 1004 suum,

559 1022 638 1076 qui
661 1034 690 1064 a
710 1034 818 1075 rege
841 1021 1060 1075 praedicto
1084 1020 1202 1062 inter
1234 1022 1430 1075 abrupta
1455 1021 1676 1062 montium
1707 1033 1815 1074 cap-

559 1094 633 1130 tus
668 1092 753 1137 est,
785 1091 832 1128 et
865 1087 1034 1128 multos
1072 1086 1252 1128 milites.
1323 1085 1591 1139 Infectoque
1629 1087 1814 1138 negotio

558 1165 768 1195 reversus
802 1157 874 1194 est
908 1164 1010 1193 cum
1043 1152 1223 1193 rubore.
1293 1150 1562 1205 Incepitque
1594 1151 1816 1204 paulatim

558 1217 768 1272 injuriari
814 1216 1030 1271 praedicto
1073 1215 1245 1258 comiti.
1316 1215 1480 1258 Comes
1523 1229 1632 1259 vero
1675 1216 1814 1257 filiam

559 1283 732 1325 habens
785 1282 1155 1336 pulcherrimam,
1201 1281 1385 1323 nomine
1432 1281 1553 1334 regis
1610 1282 1815 1323 Franciae

561 1348 764 1401 Philippi
788 1347 1083 1398 nominatam,
1104 1359 1243 1400 quam
1262 1346 1533 1396 Edwardus,
1552 1347 1674 1390 filius
1696 1347 1818 1400 regis

560 1413 758 1466 Angliae,
782 1417 892 1454 tunc
923 1413 1134 1466 princeps
1156 1411 1341 1454 walliae
1372 1412 1537 1462 factuS,
1568 1413 1816 1462 adamavit,

561 1486 607 1521 et
629 1479 677 1521 in
707 1492 898 1520 uxorem
926 1478 1114 1520 duxisse
1136 1477 1299 1526 voluit.
1321 1478 1429 1519 dum
1459 1483 1616 1520 tamen
1650 1478 1707 1520 ad
1732 1478 1819 1520 hoc

562 1544 707 1599 patris
756 1544 829 1585 sui
870 1544 1072 1586 animum
1114 1548 1272 1597 posset
1320 1544 1541 1594 excitare,
1586 1544 1715 1586 venit
1759 1543 1817 1585 ad

562 1623 717 1663 regem
747 1609 970 1659 Franciae,
993 1614 1045 1650 ut
1067 1608 1274 1662 placaret
1294 1622 1412 1658 eum,
1441 1614 1487 1651 et
1509 1610 1629 1651 inter
1651 1615 1818 1652 caetera

561 1675 680 1717 dixit
706 1675 764 1725 ei,
793 1675 914 1728 quod
939 1674 1079 1715 filiam
1110 1687 1258 1724 suam,
1282 1674 1412 1729 cujus
1437 1680 1538 1716 erat
1570 1679 1817 1728 compater,

560 1742 674 1783 bene
709 1745 866 1794 posset
897 1739 1129 1789 maritare,
1167 1740 1204 1781 si
1245 1739 1399 1790 vellet,
1434 1753 1537 1781 cum
1569 1740 1663 1782 filio
1698 1740 1819 1793 regis

562 1806 761 1861 Angliae,
785 1805 894 1859 quia
915 1805 1077 1847 dilexit
1097 1817 1212 1846 eam.
1283 1805 1370 1847 Cui
1407 1805 1474 1847 ait
1508 1819 1591 1847 rex
1617 1807 1665 1847 in
1698 1806 1821 1855 dolo,

564 1876 593 1894 “
612 1871 780 1913 Nonne
800 1871 958 1921 habes,
980 1883 1149 1920 comes,
1169 1870 1217 1911 in
1241 1875 1364 1912 terra
1394 1884 1497 1912 mea
1517 1872 1673 1921 duces,
1696 1872 1817 1925 prin-

563 1938 687 1990 cipes
708 1942 755 1978 et
776 1941 1033 1990 magnates,
1060 1936 1226 1990 quibus
1253 1949 1352 1977 eam
1383 1937 1553 1990 poteris
1574 1938 1819 1979 maritare?

564 2002 730 2044 Adduo
751 2015 851 2044 eam
882 2002 939 2043 ad
966 2014 1054 2051 me,
1074 2014 1127 2042 eo
1160 2001 1282 2054 quod
1316 2001 1413 2043 filia
1438 2015 1541 2044 mea
1563 2003 1818 2056 spiritualis

564 2072 649 2118 est,
676 2072 722 2108 et
752 2081 838 2120 ego
869 2079 969 2108 eam
999 2066 1055 2108 de
1086 2079 1267 2108 camera
1297 2080 1398 2109 mea
1428 2069 1591 2122 nuptui
1622 2069 1817 2118 tradam,

564 2134 661 2175 sive
681 2132 770 2186 ipsi
790 2133 884 2174 filio
912 2132 1051 2185 regis,
1076 2133 1173 2174 sive
1205 2132 1338 2174 alteri
1369 2133 1426 2174 de
1457 2147 1547 2187 quo
1577 2138 1817 2176 contentus

565 2198 702 2241 eris.’'
773 2197 978 2240 Credidit
998 2198 1039 2239 ei
1063 2211 1231 2248 comeS‚
1247 2203 1294 2240 et
1315 2211 1412 2240 eam
1439 2199 1633 2241 adduxit
1654 2204 1700 2241 et
1720 2199 1817 2253 regi

567 2263 755 2306 tradidit
776 2277 879 2305 cum
900 2263 1084 2305 honore.
1155 2263 1244 2304 Sed
1272 2269 1379 2317 post
1408 2277 1636 2307 recessum
1658 2266 1818 2318 patris,

565 2330 717 2384 posita
737 2335 808 2371 est
828 2330 913 2370 sub
935 2333 1063 2370 arcta
1083 2329 1307 2378 custodia,
1330 2330 1398 2371 ita
1426 2331 1547 2384 quod
1577 2331 1701 2384 loqui
1728 2327 1818 2372 non

564 2401 745 2449 poterat
769 2409 869 2437 cum
898 2395 1274 2444 Flandoensibus,
1293 2395 1386 2436 imo
1417 2397 1658 2438 evacuavit
1690 2409 1767 2437 eos
1791 2409 1820 2437 a

564 2461 692 2502 curia
711 2474 809 2502 sua.
879 2459 1016 2511 Quod
1041 2460 1229 2501 audiens
1253 2473 1421 2510 comeS‚
1437 2463 1649 2503 turbatus
1668 2466 1753 2511 est,
1773 2467 1821 2502 et

568 2527 715 2580 primo
761 2526 946 2580 quidem
990 2538 1071 2579 per
1115 2525 1288 2575 literas,
1321 2526 1502 2567 demum
1538 2540 1619 2580 per
1656 2532 1821 2568 semet-

566 2592 714 2645 ipsum
747 2592 947 2645 rogavit,
979 2595 1030 2632 ut
1064 2591 1218 2632 mitius
1253 2597 1468 2644 ageretur
1504 2605 1607 2633 cum
1637 2593 1739 2645 ipso
1775 2597 1822 2633 et

567 2670 671 2699 cum
700 2658 872 2699 eadem.
960 2656 1309 2710 Responditque
1349 2657 1390 2698 ei
1424 2671 1523 2707 rex,
1554 2658 1700 2711 rigide
1737 2659 1820 2698 im—

567 2724 767 2775 probans
800 2723 842 2765 ei
868 2722 924 2764 de
956 2722 1131 2764 auxilio
1161 2735 1251 2763 non
1286 2722 1509 2776 praestito,
1538 2730 1583 2765 et
1617 2723 1738 2776 quod
1774 2724 1821 2764 in

568 2788 837 2830 seditionem
860 2801 990 2830 suam
1011 2787 1149 2830 filiam
1172 2787 1411 2830 maritasse
1428 2788 1572 2830 voluit
1590 2789 1684 2830 filio
1699 2790 1820 2841 regis
