2038 3306
482 296 707 328 wmsrmu
741 297 803 327 DE
835 297 1213 329 HEMINGBURGH.
1392 287 1480 329 373

211 400 474 451 baronibus,
493 400 689 456 aliisque
713 402 843 455 regni
866 403 1148 456 proceribus,
1171 407 1218 445 et
1238 415 1340 444 cum
1360 415 1480 444 com·
1497 416 1616 442 zama
1639 416 1697 442 ιιι.

212 467 438 508 munitate
479 470 611 521 regni
667 466 853 521 Angliae
895 469 1182 522 congregati,
1223 468 1281 509 ad
1327 469 1478 522 ipsum
1496 450 1679 531 TAhXJZS'

209 532 364 573 venire
385 534 568 583 arctati,
588 534 910 575 necessitatem
929 534 1197 588 praedictam
1221 534 1478 588 promptius
1496 539 1694 602 gfgffiggm

210 596 457 648 intuentes,
488 612 655 641 nonam
689 600 896 653 garbam,
920 613 1091 641 nonum
1122 613 1308 653 agnum,
1330 605 1377 641 et
1397 605 1679 669 110·¹1‘3³{{1⁰,2f,⁰0's¹¹⁸

212 676 320 704 num
346 665 492 706 vellus
527 679 607 719 per
640 665 872 706 biennium
902 670 1014 707 tunc
1046 666 1258 719 proximo
1297 671 1478 707 secutu-
1495 671 1621 696 1¹⁰¹¹⁶⁰¹u

210 742 328 779 rum,
374 731 495 773 sicut
532 732 619 785 ipsi
663 731 868 782 comites,
911 732 1121 781 barones,
1162 744 1388 785 proceres,
1432 737 1479 773 et

209 797 513 838 communitas
532 797 752 851 praedicta
786 802 1112 839 concesseruut
1138 797 1261 839 dicto
1291 797 1476 839 domino

210 862 308 913 regi
329 863 414 903 sub
434 864 571 904 certis
599 863 747 904 modis
767 868 813 904 et
835 862 1173 904 conditionibus
1194 863 1340 904 eidem
1365 863 1477 904 libe-

211 926 368 968 raliter
382 927 601 968 duximus
618 928 957 969 concedendum
976 941 987 969 ε
1020 928 1087 969 ita
1102 928 1331 978 videlicet,
1354 929 1474 981 quod

210 992 322 1033 nulli
347 993 527 1045 praelati
547 993 619 1034 vel
652 994 789 1034 etiam
821 994 988 1047 aliquis
1018 993 1075 1035 de
1103 994 1226 1035 clero
1256 994 1476 1048 praedicto

208 1058 266 1098 ad
303 1058 566 1113 hujusmodi
597 1072 729 1100 nonae
758 1059 1109 1102 contributionis
1142 1063 1155 1081 ‘
1171 1060 1476 1113 portionem'1

211 1124 502 1177 aliquatenus
534 1130 816 1175 tenerentur,
854 1125 940 1166 nisi
974 1130 1153 1167 tantum
1186 1125 1254 1166 illi
1285 1126 1365 1179 qui
1396 1139 1479 1179 per

212 1190 448 1231 baroniam
474 1196 697 1241 tenerent,
730 1197 776 1233 et
800 1191 857 1232 ad
879 1191 1002 1243 regis
1032 1191 1382 1245 parliamentum
1409 1198 1475 1234 te-

211 1262 426 1298 nerentur
447 1258 628 1308 venire3
660 1258 873 1311 quodque
899 1257 957 1298 ad
977 1257 1251 1299 solutionem
1274 1258 1476 1308 decimae,

210 1327 263 1363 ut
299 1324 607 1376 praemittitur,
639 1336 888 1374 concessae,
920 1323 1010 1377 ipsi
1038 1323 1234 1377 praelati,
1256 1324 1474 1377 religiosi,

208 1401 287 1429 seu
324 1389 402 1430 alii
440 1389 496 1430 de
532 1389 671 1439 clero,
705 1402 872 1431 nonam
915 1390 1173 1443 portionem
1205 1390 1472 1444 praedictam

210 1455 458 1505 solventes,
501 1456 762 1497 nullatenus
797 1456 949 1498 forent
982 1456 1174 1498 astricti.
1244 1455 1338 1497 Pro
1384 1469 1476 1510 qua

208 1526 361 1562 autem
382 1522 671 1563 concessione
686 1522 908 1575 portionis
924 1521 1170 1575 praedictae,
1187 1522 1476 1564 remissiones

208 1587 393 1637 multas,
428 1587 665 1629 libertates
703 1593 749 1629 et
785 1588 1044 1641 privile-gia,
1075 1587 1297 1641 praelatis,
1333 1589 1474 1629 comi-

207 1652 347 1703 tibus,
382 1658 430 1695 et
466 1654 726 1702 baronibus,
764 1666 819 1695 ac
849 1654 1165 1695 communitati
1199 1659 1335 1695 terrae
1360 1667 1474 1704 suae,

205 1717 325 1759 idem
348 1719 559 1761 dominus
580 1732 664 1761 rex
685 1724 924 1773 gratanter
943 1719 1183 1770 concessit,
1208 1725 1475 1773 cartamque

205 1797 344 1838 super
375 1785 462 1827 hoc
488 1786 654 1827 factam
679 1791 726 1827 et
745 1786 1064 1839 consignatam
1085 1786 1192 1828 fecit
1211 1785 1476 1840 hujusmodi

209 1852 524 1893 communitati
547 1852 744 1893 liberari.
805 1852 892 1894 Sed
916 1852 1102 1906 quidam
1126 1851 1201 1893 vel
1225 1865 1316 1893 non
1341 1852 1476 1894 intel-

208 1917 404 1970 ligentes
448 1918 700 1971 praemissa,
741 1917 816 1960 vel
855 1917 1019 1959 saltem
1066 1918 1113 1959 in
1156 1918 1474 1972 praejudicium

209 1983 319 2025 cleri
372 1983 580 2037 praedicti
634 1983 883 2037 infringere
940 1982 1171 2024 malitiose
1238 1988 1474 2034 conantes,

210 2050 385 2103 absque
418 2049 564 2103 ipsius
593 2049 761 2090 domini
795 2048 942 2091 nostri
975 2049 1115 2102 regis,
1145 2053 1197 2090 ut
1231 2050 1475 2100 credimus,

209 2116 515 2166 conniventia,
538 2128 566 2156 a
603 2115 822 2169 praelatiS,
860 2115 969 2156 viris
1004 2115 1247 2168 religiosis,
1279 2115 1475 2157 clericis-

209 2195 298 2234 que
320 2182 618 2231 secularibus,
637 2181 715 2234 qui
734 2186 781 2222 et
803 2181 891 2235 ipsi
911 2181 1133 2222 decimam
1154 2181 1333 2223 solvere
1353 2182 1476 2224 dicto

209 2248 393 2289 domino
428 2252 584 2289 nostro
624 2247 723 2300 regi
760 2252 988 2297 tenentur,
1027 2251 1075 2288 et
1114 2259 1196 2300 per
1237 2247 1474 2289 baroniam

209 2314 321 2355 nihil
343 2318 501 2355 tenent
521 2313 578 2354 de
601 2314 717 2367 ipso,
739 2326 822 2354 nec
846 2312 903 2354 ad
937 2313 1289 2366 parliamentum
1325 2326 1476 2364 suum,

209 2385 262 2421 ut
285 2380 594 2434 praemittitur,
613 2379 767 2421 venire
791 2383 899 2420 sunt
920 2379 1108 2428 astricti,
1132 2392 1299 2420 nouam
1323 2392 1473 2421 rerum

209 2446 533 2500 praedictarum
573 2445 639 2487 sic
676 2457 941 2487 concessam
975 2445 1144 2495 levare,
1182 2450 1229 2487 et
1266 2458 1349 2499 per
1382 2445 1475 2486 dis-

209 2513 446 2557 trictiones
473 2512 623 2553 varias
655 2517 702 2553 et
728 2516 889 2553 contra
912 2511 1145 2564 praedictae
1168 2511 1475 2553 concessionis

210 2578 405 2620 formam
440 2578 627 2632 exigere
663 2577 931 2627 moliuntur,
952 2577 997 2618 in
1027 2577 1231 2631 ipsorum
1264 2577 1478 2631 praelato-

211 2658 310 2686 rum
344 2649 391 2686 et
425 2644 536 2686 cleri
573 2643 890 2698 praejudicium
924 2643 1234 2693 manifestum,
1259 2656 1363 2684 cum
1394 2657 1477 2686 nec

309 2793 316 2811 ¹
339 2793 349 2811 ‘
360 2794 543 2833 portionem
560 2794 758 2834 praedictam
775 2793 966 2834 solventes,'
982 2794 1057 2827 MS.
1075 2793 1164 2827 Cott.
1182 2794 1288 2835 Nero,
1303 2795 1350 2828 D.
1365 2795 1402 2829 ii.
