<?xml version="1.0" encoding="UTF-8"?>
<!DOCTYPE html PUBLIC "-//W3C//DTD XHTML 1.0 Transitional//EN"
    "http://www.w3.org/TR/xhtml1/DTD/xhtml1-transitional.dtd">
<html xmlns="http://www.w3.org/1999/xhtml" xml:lang="en" lang="en">
 <head>
  <title>
</title>
<meta http-equiv="Content-Type" content="text/html;charset=utf-8" />
  <meta name='ocr-system' content='tesseract 3.04.00' />
  <meta name='ocr-capabilities' content='ocr_page ocr_carea ocr_par ocr_line ocrx_word'/>
</head>
<body>
  <div class='ocr_page' id='page_1' title='image "./chronicondominiw02hemiuoft/chronicondominiw02hemiuoft_0319.png"; bbox 0 0 2038 3306; ppageno 0'>
   <div class='ocr_carea' id='block_1_1' title="bbox 442 292 1441 334">
    <p class='ocr_par' dir='ltr' id='par_1_1' title="bbox 442 292 1441 334">
     <span class='ocr_line' id='line_1_1' title="bbox 442 292 1441 334; baseline 0.006 -6"><span class='ocrx_word' id='word_1_1' title='bbox 442 298 668 329; x_wconf 75' lang='lat' dir='ltr'>WAmssm</span> <span class='ocrx_word' id='word_1_2' title='bbox 702 299 763 329; x_wconf 83' lang='lat' dir='ltr'>DE</span> <span class='ocrx_word' id='word_1_3' title='bbox 795 299 1173 333; x_wconf 75' lang='lat' dir='ltr'>HEMlNessUch.</span> <span class='ocrx_word' id='word_1_4' title='bbox 1352 292 1441 334; x_wconf 81' lang='lat'>305</span> 
     </span>
    </p>
   </div>
   <div class='ocr_carea' id='block_1_2' title="bbox 160 401 1656 2171">
    <p class='ocr_par' dir='ltr' id='par_1_2' title="bbox 170 401 1656 723">
     <span class='ocr_line' id='line_1_2' title="bbox 173 401 1656 459; baseline 0.001 -17"><span class='ocrx_word' id='word_1_5' title='bbox 173 401 327 456; x_wconf 90' lang='lat' dir='ltr'>plures</span> <span class='ocrx_word' id='word_1_6' title='bbox 371 405 640 457; x_wconf 88' lang='lat' dir='ltr'><strong>corporibus</strong></span> <span class='ocrx_word' id='word_1_7' title='bbox 675 406 899 459; x_wconf 87' lang='lat' dir='ltr'>oppressi,</span> <span class='ocrx_word' id='word_1_8' title='bbox 936 418 1074 459; x_wconf 88' lang='lat' dir='ltr'>quam</span> <span class='ocrx_word' id='word_1_9' title='bbox 1105 406 1152 446; x_wconf 92' lang='lat' dir='ltr'>in</span> <span class='ocrx_word' id='word_1_10' title='bbox 1184 418 1262 447; x_wconf 89' lang='lat' dir='ltr'>ore</span> <span class='ocrx_word' id='word_1_11' title='bbox 1295 405 1439 458; x_wconf 85' lang='lat' dir='ltr'>gladii</span> <span class='ocrx_word' id='word_1_12' title='bbox 1458 419 1575 445; x_wconf 77' lang='lat' dir='ltr'>Edward</span> <span class='ocrx_word' id='word_1_13' title='bbox 1599 419 1656 445; x_wconf 87' lang='lat'>111.</span> 
     </span>
     <span class='ocr_line' id='line_1_3' title="bbox 171 453 1641 532; baseline 0.003 -24"><span class='ocrx_word' id='word_1_14' title='bbox 171 467 415 519; x_wconf 84' lang='lat' dir='ltr'><strong>interfecti,</strong></span> <span class='ocrx_word' id='word_1_15' title='bbox 452 470 635 512; x_wconf 82' lang='lat' dir='ltr'>fuerant</span> <span class='ocrx_word' id='word_1_16' title='bbox 674 471 900 514; x_wconf 86' lang='lat' dir='ltr'>suffocati.</span> <span class='ocrx_word' id='word_1_17' title='bbox 960 471 1087 513; x_wconf 91' lang='lat' dir='ltr'>Scoti</span> <span class='ocrx_word' id='word_1_18' title='bbox 1122 471 1242 513; x_wconf 89' lang='lat' dir='ltr'>enim</span> <span class='ocrx_word' id='word_1_19' title='bbox 1280 472 1436 524; x_wconf 86' lang='lat' dir='ltr'>pauci·</span> <span class='ocrx_word' id='word_1_20' title='bbox 1455 453 1641 532; x_wconf 45' lang='lat' dir='ltr'>Affs&#39;affiffiffl’</span> 
     </span>
     <span class='ocr_line' id='line_1_4' title="bbox 172 534 1599 591; baseline 0.004 -17"><span class='ocrx_word' id='word_1_21' title='bbox 172 539 314 575; x_wconf 85' lang='lat' dir='ltr'>tatem</span> <span class='ocrx_word' id='word_1_22' title='bbox 350 534 607 588; x_wconf 84' lang='lat' dir='ltr'>Anglorum</span> <span class='ocrx_word' id='word_1_23' title='bbox 651 538 981 591; x_wconf 82' lang='lat' dir='ltr'>perpendentes</span> <span class='ocrx_word' id='word_1_24' title='bbox 1015 543 1061 579; x_wconf 91' lang='lat' dir='ltr'>et</span> <span class='ocrx_word' id='word_1_25' title='bbox 1091 537 1364 587; x_wconf 85' lang='lat' dir='ltr'>deridentes,</span> <span class='ocrx_word' id='word_1_26' title='bbox 1385 543 1436 579; x_wconf 91' lang='lat' dir='ltr'>ut</span> <span class='ocrx_word' id='word_1_27' title='bbox 1455 541 1599 566; x_wconf 57' lang='lat' dir='ltr'>Scffllffl·</span> 
     </span>
     <span class='ocr_line' id='line_1_5' title="bbox 171 599 1437 656; baseline 0.005 -17"><span class='ocrx_word' id='word_1_28' title='bbox 171 599 349 641; x_wconf 87' lang='lat' dir='ltr'>laudem</span> <span class='ocrx_word' id='word_1_29' title='bbox 380 602 468 643; x_wconf 88' lang='lat' dir='ltr'>sibi</span> <span class='ocrx_word' id='word_1_30' title='bbox 498 603 786 656; x_wconf 82' lang='lat' dir='ltr'>acquirerent</span> <span class='ocrx_word' id='word_1_31' title='bbox 814 609 859 645; x_wconf 89' lang='lat' dir='ltr'>et</span> <span class='ocrx_word' id='word_1_32' title='bbox 886 616 1068 653; x_wconf 88' lang='lat' dir='ltr'>nomen,</span> <span class='ocrx_word' id='word_1_33' title='bbox 1088 603 1134 644; x_wconf 92' lang='lat' dir='ltr'>in</span> <span class='ocrx_word' id='word_1_34' title='bbox 1167 608 1345 645; x_wconf 79' lang='lat' dir='ltr'>tantum</span> <span class='ocrx_word' id='word_1_35' title='bbox 1378 604 1437 645; x_wconf 89' lang='lat' dir='ltr'>ad</span> 
     </span>
     <span class='ocr_line' id='line_1_6' title="bbox 170 669 1436 723; baseline 0.005 -17"><span class='ocrx_word' id='word_1_36' title='bbox 170 678 374 719; x_wconf 84' lang='lat' dir='ltr'>pugnam</span> <span class='ocrx_word' id='word_1_37' title='bbox 405 681 695 722; x_wconf 63' lang='lat' dir='ltr'>praepropere</span> <span class='ocrx_word' id='word_1_38' title='bbox 727 669 1003 712; x_wconf 87' lang='lat' dir='ltr'>festinarunt</span> <span class='ocrx_word' id='word_1_39' title='bbox 1037 669 1160 723; x_wconf 91' lang='lat' dir='ltr'>quod</span> <span class='ocrx_word' id='word_1_40' title='bbox 1195 670 1276 723; x_wconf 91' lang='lat' dir='ltr'>qui</span> <span class='ocrx_word' id='word_1_41' title='bbox 1310 675 1436 712; x_wconf 88' lang='lat' dir='ltr'>recto</span> 
     </span>
    </p>

    <p class='ocr_par' dir='ltr' id='par_1_3' title="bbox 169 735 1436 855">
     <span class='ocr_line' id='line_1_7' title="bbox 170 735 1435 789; baseline 0.004 -17"><span class='ocrx_word' id='word_1_42' title='bbox 170 737 300 774; x_wconf 87' lang='lat' dir='ltr'>erant</span> <span class='ocrx_word' id='word_1_43' title='bbox 346 735 655 787; x_wconf 86' lang='lat' dir='ltr'>praecedentes</span> <span class='ocrx_word' id='word_1_44' title='bbox 706 736 792 776; x_wconf 87' lang='lat' dir='ltr'>sub</span> <span class='ocrx_word' id='word_1_45' title='bbox 849 736 1041 789; x_wconf 90' lang='lat' dir='ltr'>pedibus</span> <span class='ocrx_word' id='word_1_46' title='bbox 1084 736 1435 789; x_wconf 85' lang='lat' dir='ltr'>comprimentes</span> 
     </span>
     <span class='ocr_line' id='line_1_8' title="bbox 169 799 1436 855; baseline 0.005 -17"><span class='ocrx_word' id='word_1_47' title='bbox 169 799 557 842; x_wconf 87' lang='lat' dir='ltr'>conculcaverunt</span> <span class='ocrx_word' id='word_1_48' title='bbox 592 805 638 842; x_wconf 89' lang='lat' dir='ltr'>et</span> <span class='ocrx_word' id='word_1_49' title='bbox 670 814 809 855; x_wconf 89' lang='lat' dir='ltr'>super</span> <span class='ocrx_word' id='word_1_50' title='bbox 838 814 917 842; x_wconf 92' lang='lat' dir='ltr'>eos</span> <span class='ocrx_word' id='word_1_51' title='bbox 956 800 1236 852; x_wconf 89' lang='lat' dir='ltr'>ceciderunt,</span> <span class='ocrx_word' id='word_1_52' title='bbox 1277 802 1436 855; x_wconf 90' lang='lat' dir='ltr'>sicque</span> 
     </span>
    </p>

    <p class='ocr_par' dir='ltr' id='par_1_4' title="bbox 170 863 1434 919">
     <span class='ocr_line' id='line_1_9' title="bbox 170 863 1434 919; baseline 0.003 -15"><span class='ocrx_word' id='word_1_53' title='bbox 170 863 302 906; x_wconf 89' lang='lat' dir='ltr'>facile</span> <span class='ocrx_word' id='word_1_54' title='bbox 338 865 470 906; x_wconf 90' lang='lat' dir='ltr'>multi</span> <span class='ocrx_word' id='word_1_55' title='bbox 507 879 536 907; x_wconf 89' lang='lat' dir='ltr'>a</span> <span class='ocrx_word' id='word_1_56' title='bbox 566 867 726 919; x_wconf 80' lang='lat' dir='ltr'>paucis</span> <span class='ocrx_word' id='word_1_57' title='bbox 763 867 902 908; x_wconf 90' lang='lat' dir='ltr'>occisi</span> <span class='ocrx_word' id='word_1_58' title='bbox 947 871 1070 908; x_wconf 85' lang='lat' dir='ltr'>sunt.</span> <span class='ocrx_word' id='word_1_59' title='bbox 1142 866 1200 907; x_wconf 92' lang='lat' dir='ltr'>In</span> <span class='ocrx_word' id='word_1_60' title='bbox 1233 868 1434 910; x_wconf 87' lang='lat' dir='ltr'>crastino</span> 
     </span>
    </p>

    <p class='ocr_par' dir='ltr' id='par_1_5' title="bbox 167 930 1433 1117">
     <span class='ocr_line' id='line_1_10' title="bbox 170 930 1433 983; baseline 0.004 -13"><span class='ocrx_word' id='word_1_61' title='bbox 170 931 277 971; x_wconf 73' lang='lat' dir='ltr'>Vero</span> <span class='ocrx_word' id='word_1_62' title='bbox 304 930 487 983; x_wconf 84' lang='lat' dir='ltr'>Anglici</span> <span class='ocrx_word' id='word_1_63' title='bbox 510 932 667 973; x_wconf 89' lang='lat' dir='ltr'>villam</span> <span class='ocrx_word' id='word_1_64' title='bbox 685 931 843 973; x_wconf 89' lang='lat' dir='ltr'>Sancti</span> <span class='ocrx_word' id='word_1_65' title='bbox 870 932 900 974; x_wconf 86' lang='lat' dir='ltr'><strong>J</strong></span> <span class='ocrx_word' id='word_1_66' title='bbox 904 931 1127 973; x_wconf 89' lang='lat' dir='ltr'>ohannis¹</span> <span class='ocrx_word' id='word_1_67' title='bbox 1157 933 1433 975; x_wconf 88' lang='lat' dir='ltr'>victualibus</span> 
     </span>
     <span class='ocr_line' id='line_1_11' title="bbox 168 995 1432 1052; baseline 0.005 -17"><span class='ocrx_word' id='word_1_68' title='bbox 168 995 389 1048; x_wconf 87' lang='lat' dir='ltr'>repletam</span> <span class='ocrx_word' id='word_1_69' title='bbox 431 1003 665 1050; x_wconf 87' lang='lat' dir='ltr'>ceperunt,</span> <span class='ocrx_word' id='word_1_70' title='bbox 712 997 847 1039; x_wconf 84' lang='lat' dir='ltr'>fossis</span> <span class='ocrx_word' id='word_1_71' title='bbox 904 997 1048 1051; x_wconf 85' lang='lat' dir='ltr'>largis</span> <span class='ocrx_word' id='word_1_72' title='bbox 1095 1002 1142 1039; x_wconf 92' lang='lat' dir='ltr'>et</span> <span class='ocrx_word' id='word_1_73' title='bbox 1191 998 1432 1052; x_wconf 87' lang='lat' dir='ltr'>profundis</span> 
     </span>
     <span class='ocr_line' id='line_1_12' title="bbox 167 1061 1432 1117; baseline 0.005 -16"><span class='ocrx_word' id='word_1_74' title='bbox 167 1061 527 1105; x_wconf 85' lang='lat' dir='ltr'>circumducunt.</span> <span class='ocrx_word' id='word_1_75' title='bbox 589 1063 695 1105; x_wconf 90' lang='lat' dir='ltr'>Cito</span> <span class='ocrx_word' id='word_1_76' title='bbox 717 1077 900 1117; x_wconf 92' lang='lat' dir='ltr'>quoque</span> <span class='ocrx_word' id='word_1_77' title='bbox 933 1069 1039 1117; x_wconf 90' lang='lat' dir='ltr'>post</span> <span class='ocrx_word' id='word_1_78' title='bbox 1070 1063 1167 1105; x_wconf 88' lang='lat' dir='ltr'>haec</span> <span class='ocrx_word' id='word_1_79' title='bbox 1200 1064 1432 1107; x_wconf 89' lang='lat' dir='ltr'>Patricius</span> 
     </span>
    </p>

    <p class='ocr_par' dir='ltr' id='par_1_6' title="bbox 166 1128 1432 1251">
     <span class='ocr_line' id='line_1_13' title="bbox 166 1128 1432 1183; baseline 0.003 -15"><span class='ocrx_word' id='word_1_80' title='bbox 166 1140 318 1168; x_wconf 90' lang='lat' dir='ltr'>comes</span> <span class='ocrx_word' id='word_1_81' title='bbox 353 1128 409 1170; x_wconf 93' lang='lat' dir='ltr'>de</span> <span class='ocrx_word' id='word_1_82' title='bbox 446 1129 655 1179; x_wconf 89' lang='lat' dir='ltr'>Dunbar‚</span> <span class='ocrx_word' id='word_1_83' title='bbox 697 1129 1019 1172; x_wconf 89' lang='lat' dir='ltr'>Archibaudus</span> <span class='ocrx_word' id='word_1_84' title='bbox 1061 1130 1287 1183; x_wconf 86' lang='lat' dir='ltr'>Douglas,</span> <span class='ocrx_word' id='word_1_85' title='bbox 1329 1144 1432 1172; x_wconf 89' lang='lat' dir='ltr'>cum</span> 
     </span>
     <span class='ocr_line' id='line_1_14' title="bbox 167 1184 1432 1251; baseline 0.003 -16"><span class='ocrx_word' id='word_1_86' title='bbox 167 1194 477 1247; x_wconf 84' lang='lat' dir='ltr'>quadraginta</span> <span class='ocrx_word' id='word_1_87' title='bbox 496 1184 731 1246; x_wconf 51' lang='lat' dir='ltr'>millibus?</span> <span class='ocrx_word' id='word_1_88' title='bbox 750 1197 911 1237; x_wconf 60' lang='lat' dir='ltr'>urbem&lt;</span> <span class='ocrx_word' id='word_1_89' title='bbox 927 1196 1054 1237; x_wconf 90' lang='lat' dir='ltr'>illam</span> <span class='ocrx_word' id='word_1_90' title='bbox 1074 1196 1234 1238; x_wconf 90' lang='lat' dir='ltr'>diebus</span> <span class='ocrx_word' id='word_1_91' title='bbox 1253 1197 1432 1251; x_wconf 91' lang='lat' dir='ltr'>aliquot</span> 
     </span>
    </p>

    <p class='ocr_par' dir='ltr' id='par_1_7' title="bbox 165 1258 1432 1312">
     <span class='ocr_line' id='line_1_15' title="bbox 165 1258 1432 1312; baseline 0.005 -13"><span class='ocrx_word' id='word_1_92' title='bbox 165 1258 272 1300; x_wconf 85' lang='lat' dir='ltr'>forti</span> <span class='ocrx_word' id='word_1_93' title='bbox 297 1260 526 1303; x_wconf 88' lang='lat' dir='ltr'>vallarunt</span> <span class='ocrx_word' id='word_1_94' title='bbox 546 1261 807 1310; x_wconf 81' lang='lat' dir='ltr'>obsidione3</span> <span class='ocrx_word' id='word_1_95' title='bbox 841 1262 871 1304; x_wconf 86' lang='lat' dir='ltr'>J</span> <span class='ocrx_word' id='word_1_96' title='bbox 876 1262 1044 1304; x_wconf 90' lang='lat' dir='ltr'>ohanni</span> <span class='ocrx_word' id='word_1_97' title='bbox 1063 1261 1258 1312; x_wconf 89' lang='lat' dir='ltr'>Crabbe,</span> <span class='ocrx_word' id='word_1_98' title='bbox 1277 1269 1432 1305; x_wconf 87' lang='lat' dir='ltr'>nautae</span> 
     </span>
    </p>

    <p class='ocr_par' dir='ltr' id='par_1_8' title="bbox 165 1326 1430 1383">
     <span class='ocr_line' id='line_1_16' title="bbox 165 1326 1430 1383; baseline 0.003 -17"><span class='ocrx_word' id='word_1_99' title='bbox 165 1326 347 1367; x_wconf 89' lang='lat' dir='ltr'>cuidam</span> <span class='ocrx_word' id='word_1_100' title='bbox 384 1326 608 1381; x_wconf 82' lang='lat' dir='ltr'>experto³</span> <span class='ocrx_word' id='word_1_101' title='bbox 641 1328 763 1381; x_wconf 89' lang='lat' dir='ltr'>apud</span> <span class='ocrx_word' id='word_1_102' title='bbox 796 1328 1077 1370; x_wconf 91' lang='lat' dir='ltr'>Berewicum</span> <span class='ocrx_word' id='word_1_103' title='bbox 1109 1329 1320 1381; x_wconf 88' lang='lat' dir='ltr'>moranti,</span> <span class='ocrx_word' id='word_1_104' title='bbox 1350 1330 1430 1383; x_wconf 93' lang='lat' dir='ltr'>qui</span> 
     </span>
    </p>

    <p class='ocr_par' dir='ltr' id='par_1_9' title="bbox 164 1391 1431 1513">
     <span class='ocr_line' id='line_1_17' title="bbox 165 1391 1431 1448; baseline 0.003 -16"><span class='ocrx_word' id='word_1_105' title='bbox 165 1391 312 1433; x_wconf 89' lang='lat' dir='ltr'>multa</span> <span class='ocrx_word' id='word_1_106' title='bbox 328 1393 450 1435; x_wconf 89' lang='lat' dir='ltr'>mala</span> <span class='ocrx_word' id='word_1_107' title='bbox 467 1394 637 1447; x_wconf 86' lang='lat' dir='ltr'>saepius</span> <span class='ocrx_word' id='word_1_108' title='bbox 654 1407 735 1447; x_wconf 91' lang='lat' dir='ltr'>per</span> <span class='ocrx_word' id='word_1_109' title='bbox 752 1407 877 1435; x_wconf 91' lang='lat' dir='ltr'>mare</span> <span class='ocrx_word' id='word_1_110' title='bbox 897 1394 1104 1448; x_wconf 89' lang='lat' dir='ltr'>pluribus</span> <span class='ocrx_word' id='word_1_111' title='bbox 1117 1395 1248 1436; x_wconf 90' lang='lat' dir='ltr'>annis</span> <span class='ocrx_word' id='word_1_112' title='bbox 1264 1393 1431 1448; x_wconf 85' lang='lat' dir='ltr'>Anglis</span> 
     </span>
     <span class='ocr_line' id='line_1_18' title="bbox 164 1457 1430 1513; baseline 0.003 -15"><span class='ocrx_word' id='word_1_113' title='bbox 164 1457 399 1506; x_wconf 85' lang='lat' dir='ltr'>intulerat,</span> <span class='ocrx_word' id='word_1_114' title='bbox 433 1460 491 1500; x_wconf 91' lang='lat' dir='ltr'>ad</span> <span class='ocrx_word' id='word_1_115' title='bbox 517 1465 529 1484; x_wconf 79' lang='lat'><strong><em>⁶</em></strong></span> <span class='ocrx_word' id='word_1_116' title='bbox 547 1460 927 1513; x_wconf 86' lang='lat' dir='ltr'>submergendum</span> <span class='ocrx_word' id='word_1_117' title='bbox 946 1459 983 1481; x_wconf 76' lang='lat'>’⁴</span> <span class='ocrx_word' id='word_1_118' title='bbox 1006 1465 1054 1502; x_wconf 92' lang='lat' dir='ltr'>et</span> <span class='ocrx_word' id='word_1_119' title='bbox 1076 1461 1430 1503; x_wconf 90' lang='lat' dir='ltr'>comburendum</span> 
     </span>
    </p>

    <p class='ocr_par' dir='ltr' id='par_1_10' title="bbox 164 1523 1430 1581">
     <span class='ocr_line' id='line_1_19' title="bbox 164 1523 1430 1581; baseline 0.004 -17"><span class='ocrx_word' id='word_1_120' title='bbox 164 1536 306 1565; x_wconf 91' lang='lat' dir='ltr'>naves</span> <span class='ocrx_word' id='word_1_121' title='bbox 326 1523 627 1578; x_wconf 86' lang='lat' dir='ltr'>Anglicorum</span> <span class='ocrx_word' id='word_1_122' title='bbox 655 1526 703 1566; x_wconf 90' lang='lat' dir='ltr'>in</span> <span class='ocrx_word' id='word_1_123' title='bbox 737 1538 859 1579; x_wconf 87' lang='lat' dir='ltr'>aqua</span> <span class='ocrx_word' id='word_1_124' title='bbox 888 1525 944 1567; x_wconf 93' lang='lat' dir='ltr'>de</span> <span class='ocrx_word' id='word_1_125' title='bbox 967 1526 1093 1580; x_wconf 85' lang='lat' dir='ltr'>Teye</span> <span class='ocrx_word' id='word_1_126' title='bbox 1114 1540 1218 1568; x_wconf 92' lang='lat' dir='ltr'>cum</span> <span class='ocrx_word' id='word_1_127' title='bbox 1242 1527 1430 1581; x_wconf 86' lang='lat' dir='ltr'>navigio</span> 
     </span>
    </p>

    <p class='ocr_par' dir='ltr' id='par_1_11' title="bbox 162 1589 1428 1710">
     <span class='ocr_line' id='line_1_20' title="bbox 164 1589 1428 1645; baseline 0.004 -15"><span class='ocrx_word' id='word_1_128' title='bbox 164 1602 250 1630; x_wconf 91' lang='lat' dir='ltr'>suo</span> <span class='ocrx_word' id='word_1_129' title='bbox 268 1589 484 1632; x_wconf 85' lang='lat' dir='ltr'>festinare</span> <span class='ocrx_word' id='word_1_130' title='bbox 494 1591 733 1645; x_wconf 89' lang='lat' dir='ltr'>jusserunt</span> <span class='ocrx_word' id='word_1_131' title='bbox 754 1605 765 1643; x_wconf 93' lang='lat'>;</span> <span class='ocrx_word' id='word_1_132' title='bbox 799 1591 878 1645; x_wconf 93' lang='lat' dir='ltr'>qui</span> <span class='ocrx_word' id='word_1_133' title='bbox 891 1591 1131 1633; x_wconf 87' lang='lat' dir='ltr'>confestim</span> <span class='ocrx_word' id='word_1_134' title='bbox 1150 1605 1253 1633; x_wconf 91' lang='lat' dir='ltr'>cum</span> <span class='ocrx_word' id='word_1_135' title='bbox 1272 1592 1428 1635; x_wconf 90' lang='lat' dir='ltr'>decem</span> 
     </span>
     <span class='ocr_line' id='line_1_21' title="bbox 162 1655 1427 1710; baseline 0.004 -14"><span class='ocrx_word' id='word_1_136' title='bbox 162 1655 355 1697; x_wconf 90' lang='lat' dir='ltr'>navibus</span> <span class='ocrx_word' id='word_1_137' title='bbox 387 1657 712 1710; x_wconf 88' lang='lat' dir='ltr'>superveniens</span> <span class='ocrx_word' id='word_1_138' title='bbox 735 1658 925 1710; x_wconf 76' lang='lat' dir='ltr'>bargain</span> <span class='ocrx_word' id='word_1_139' title='bbox 961 1657 1155 1700; x_wconf 90' lang='lat' dir='ltr'>Henrici</span> <span class='ocrx_word' id='word_1_140' title='bbox 1187 1658 1244 1700; x_wconf 90' lang='lat' dir='ltr'>de</span> <span class='ocrx_word' id='word_1_141' title='bbox 1272 1659 1427 1701; x_wconf 87' lang='lat' dir='ltr'>Bello-</span> 
     </span>
    </p>

    <p class='ocr_par' dir='ltr' id='par_1_12' title="bbox 161 1722 1419 1777">
     <span class='ocr_line' id='line_1_22' title="bbox 161 1722 1419 1777; baseline 0.004 -15"><span class='ocrx_word' id='word_1_142' title='bbox 161 1727 316 1763; x_wconf 90' lang='lat' dir='ltr'>monte</span> <span class='ocrx_word' id='word_1_143' title='bbox 336 1723 487 1764; x_wconf 88' lang='lat' dir='ltr'>subito</span> <span class='ocrx_word' id='word_1_144' title='bbox 508 1723 644 1777; x_wconf 90' lang='lat' dir='ltr'>cepit,</span> <span class='ocrx_word' id='word_1_145' title='bbox 663 1722 743 1765; x_wconf 92' lang='lat' dir='ltr'>sed</span> <span class='ocrx_word' id='word_1_146' title='bbox 760 1722 906 1776; x_wconf 86' lang='lat' dir='ltr'>Angli</span> <span class='ocrx_word' id='word_1_147' title='bbox 924 1723 1114 1766; x_wconf 89' lang='lat' dir='ltr'>viriliter</span> <span class='ocrx_word' id='word_1_148' title='bbox 1137 1723 1419 1775; x_wconf 85' lang='lat' dir='ltr'>resistentes,</span> 
     </span>
    </p>

    <p class='ocr_par' dir='ltr' id='par_1_13' title="bbox 161 1789 1426 1976">
     <span class='ocr_line' id='line_1_23' title="bbox 162 1789 1426 1844; baseline 0.005 -16"><span class='ocrx_word' id='word_1_149' title='bbox 162 1800 304 1829; x_wconf 88' lang='lat' dir='ltr'>naves</span> <span class='ocrx_word' id='word_1_150' title='bbox 326 1801 482 1830; x_wconf 89' lang='lat' dir='ltr'>omnes</span> <span class='ocrx_word' id='word_1_151' title='bbox 505 1789 747 1831; x_wconf 85' lang='lat' dir='ltr'>Scotorum</span> <span class='ocrx_word' id='word_1_152' title='bbox 779 1802 874 1831; x_wconf 91' lang='lat' dir='ltr'>una</span> <span class='ocrx_word' id='word_1_153' title='bbox 900 1802 1004 1831; x_wconf 89' lang='lat' dir='ltr'>cum</span> <span class='ocrx_word' id='word_1_154' title='bbox 1036 1790 1182 1843; x_wconf 86' lang='lat' dir='ltr'>barga</span> <span class='ocrx_word' id='word_1_155' title='bbox 1203 1791 1426 1844; x_wconf 81' lang='lat' dir='ltr'>praedicta</span> 
     </span>
     <span class='ocr_line' id='line_1_24' title="bbox 161 1852 1421 1910; baseline 0.005 -17"><span class='ocrx_word' id='word_1_156' title='bbox 161 1852 422 1897; x_wconf 88' lang='lat' dir='ltr'>incendunt.</span> <span class='ocrx_word' id='word_1_157' title='bbox 483 1854 696 1897; x_wconf 87' lang='lat' dir='ltr'>Johanne</span> <span class='ocrx_word' id='word_1_158' title='bbox 721 1855 901 1898; x_wconf 87' lang='lat' dir='ltr'>Crabbe</span> <span class='ocrx_word' id='word_1_159' title='bbox 922 1856 1143 1909; x_wconf 69' lang='lat' dir='ltr'>praedicto</span> <span class='ocrx_word' id='word_1_160' title='bbox 1182 1869 1328 1910; x_wconf 90' lang='lat' dir='ltr'>usque</span> <span class='ocrx_word' id='word_1_161' title='bbox 1364 1858 1421 1899; x_wconf 87' lang='lat' dir='ltr'>ad</span> 
     </span>
     <span class='ocr_line' id='line_1_25' title="bbox 162 1918 1425 1976; baseline 0.002 -15"><span class='ocrx_word' id='word_1_162' title='bbox 162 1918 446 1962; x_wconf 91' lang='lat' dir='ltr'>Berewicum</span> <span class='ocrx_word' id='word_1_163' title='bbox 466 1934 548 1975; x_wconf 90' lang='lat' dir='ltr'>per</span> <span class='ocrx_word' id='word_1_164' title='bbox 576 1927 746 1963; x_wconf 89' lang='lat' dir='ltr'>terram</span> <span class='ocrx_word' id='word_1_165' title='bbox 768 1922 848 1963; x_wconf 83' lang='lat' dir='ltr'>vix</span> <span class='ocrx_word' id='word_1_166' title='bbox 870 1921 981 1974; x_wconf 85' lang='lat' dir='ltr'>fuga</span> <span class='ocrx_word' id='word_1_167' title='bbox 998 1922 1204 1976; x_wconf 90' lang='lat' dir='ltr'>delapso,</span> <span class='ocrx_word' id='word_1_168' title='bbox 1219 1923 1425 1965; x_wconf 88' lang='lat' dir='ltr'>homines</span> 
     </span>
    </p>

    <p class='ocr_par' dir='ltr' id='par_1_14' title="bbox 161 1985 1425 2042">
     <span class='ocr_line' id='line_1_26' title="bbox 161 1985 1425 2042; baseline 0.004 -16"><span class='ocrx_word' id='word_1_169' title='bbox 161 1985 234 2026; x_wconf 90' lang='lat' dir='ltr'>sui</span> <span class='ocrx_word' id='word_1_170' title='bbox 269 1999 424 2028; x_wconf 91' lang='lat' dir='ltr'>omnes</span> <span class='ocrx_word' id='word_1_171' title='bbox 453 1991 535 2029; x_wconf 93' lang='lat' dir='ltr'>aut</span> <span class='ocrx_word' id='word_1_172' title='bbox 565 1987 790 2029; x_wconf 88' lang='lat' dir='ltr'>submersi</span> <span class='ocrx_word' id='word_1_173' title='bbox 815 1992 924 2028; x_wconf 85' lang='lat' dir='ltr'>sunt</span> <span class='ocrx_word' id='word_1_174' title='bbox 962 1992 1043 2029; x_wconf 89' lang='lat' dir='ltr'>aut</span> <span class='ocrx_word' id='word_1_175' title='bbox 1070 1989 1332 2042; x_wconf 88' lang='lat' dir='ltr'>interempti</span> <span class='ocrx_word' id='word_1_176' title='bbox 1354 1989 1425 2031; x_wconf 89' lang='lat' dir='ltr'>die</span> 
     </span>
    </p>

    <p class='ocr_par' dir='ltr' id='par_1_15' title="bbox 160 2050 1644 2171">
     <span class='ocr_line' id='line_1_27' title="bbox 160 2050 1644 2107; baseline 0.003 -16"><span class='ocrx_word' id='word_1_177' title='bbox 160 2050 320 2094; x_wconf 87' lang='lat' dir='ltr'>Sancti</span> <span class='ocrx_word' id='word_1_178' title='bbox 355 2052 685 2096; x_wconf 87' lang='lat' dir='ltr'>Bartholomaei</span> <span class='ocrx_word' id='word_1_179' title='bbox 730 2052 962 2107; x_wconf 85' lang='lat' dir='ltr'>Apostoli.</span> <span class='ocrx_word' id='word_1_180' title='bbox 1032 2053 1230 2107; x_wconf 86' lang='lat' dir='ltr'>Cognito</span> <span class='ocrx_word' id='word_1_181' title='bbox 1270 2059 1426 2097; x_wconf 91' lang='lat' dir='ltr'>autem</span> <span class='ocrx_word' id='word_1_182' title='bbox 1442 2070 1644 2102; x_wconf 70' lang='lat' dir='ltr'>Augustum.</span> 
     </span>
     <span class='ocr_line' id='line_1_28' title="bbox 161 2116 1425 2171; baseline 0.004 -14"><span class='ocrx_word' id='word_1_183' title='bbox 161 2116 298 2171; x_wconf 90' lang='lat' dir='ltr'>hujus</span> <span class='ocrx_word' id='word_1_184' title='bbox 320 2119 386 2159; x_wconf 89' lang='lat' dir='ltr'>rei</span> <span class='ocrx_word' id='word_1_185' title='bbox 414 2125 598 2170; x_wconf 88' lang='lat' dir='ltr'>eventu,</span> <span class='ocrx_word' id='word_1_186' title='bbox 624 2119 812 2160; x_wconf 88' lang='lat' dir='ltr'>dimissa</span> <span class='ocrx_word' id='word_1_187' title='bbox 833 2119 1087 2170; x_wconf 90' lang='lat' dir='ltr'>obsidione,</span> <span class='ocrx_word' id='word_1_188' title='bbox 1110 2119 1237 2161; x_wconf 89' lang='lat' dir='ltr'>Scoti</span> <span class='ocrx_word' id='word_1_189' title='bbox 1260 2120 1318 2161; x_wconf 89' lang='lat' dir='ltr'>ad</span> <span class='ocrx_word' id='word_1_190' title='bbox 1340 2134 1425 2162; x_wconf 92' lang='lat' dir='ltr'>sua</span> 
     </span>
    </p>
   </div>
   <div class='ocr_carea' id='block_1_3' title="bbox 162 2180 427 2226">
    <p class='ocr_par' dir='ltr' id='par_1_16' title="bbox 162 2180 427 2226">
     <span class='ocr_line' id='line_1_29' title="bbox 162 2180 427 2226; baseline 0.011 -3"><span class='ocrx_word' id='word_1_191' title='bbox 162 2180 427 2226; x_wconf 85' lang='lat' dir='ltr'>redierunt.⁵</span> 
     </span>
    </p>
   </div>
   <div class='ocr_carea' id='block_1_4' title="bbox 1458 487 1648 495">
    <p class='ocr_par' dir='ltr' id='par_1_17' title="bbox 1458 487 1648 495">
     <span class='ocr_line' id='line_1_30' title="bbox 1458 487 1648 495; baseline 0 0"><span class='ocrx_word' id='word_1_192' title='bbox 1458 487 1648 495; x_wconf 95' lang='lat' dir='ltr'> </span> 
     </span>
    </p>
   </div>
   <div class='ocr_carea' id='block_1_5' title="bbox 207 2385 1426 2430">
    <p class='ocr_par' dir='ltr' id='par_1_18' title="bbox 207 2385 1426 2430">
     <span class='ocr_line' id='line_1_31' title="bbox 207 2385 1426 2430; baseline 0.002 -12"><span class='ocrx_word' id='word_1_193' title='bbox 207 2385 215 2405; x_wconf 85' lang='lat'><strong>¹</strong></span> <span class='ocrx_word' id='word_1_194' title='bbox 241 2387 312 2419; x_wconf 86' lang='lat' dir='ltr'>The</span> <span class='ocrx_word' id='word_1_195' title='bbox 327 2391 418 2420; x_wconf 88' lang='lat' dir='ltr'>town</span> <span class='ocrx_word' id='word_1_196' title='bbox 433 2389 471 2420; x_wconf 86' lang='lat' dir='ltr'>of</span> <span class='ocrx_word' id='word_1_197' title='bbox 482 2389 600 2422; x_wconf 84' lang='lat' dir='ltr'>Perth.</span> <span class='ocrx_word' id='word_1_198' title='bbox 809 2389 946 2430; x_wconf 84' lang='lat' dir='ltr'>burgh’s</span> <span class='ocrx_word' id='word_1_199' title='bbox 997 2389 1099 2422; x_wconf 90' lang='lat' dir='ltr'>MSS.</span> <span class='ocrx_word' id='word_1_200' title='bbox 1148 2389 1247 2421; x_wconf 82' lang='lat' dir='ltr'>reads</span> <span class='ocrx_word' id='word_1_201' title='bbox 1286 2389 1426 2430; x_wconf 82' lang='lat' dir='ltr'>‘subju-</span> 
     </span>
    </p>
   </div>
   <div class='ocr_carea' id='block_1_6' title="bbox 158 2434 1426 2525">
    <p class='ocr_par' dir='ltr' id='par_1_19' title="bbox 158 2434 1426 2525">
     <span class='ocr_line' id='line_1_32' title="bbox 203 2434 1203 2499; baseline -0.009 -21"><span class='ocrx_word' id='word_1_202' title='bbox 203 2445 217 2464; x_wconf 82' lang='lat'>²</span> <span class='ocrx_word' id='word_1_203' title='bbox 238 2445 470 2486; x_wconf 79' lang='lat' dir='ltr'>Walsingham</span> <span class='ocrx_word' id='word_1_204' title='bbox 494 2447 595 2479; x_wconf 77' lang='lat' dir='ltr'>reads</span> <span class='ocrx_word' id='word_1_205' title='bbox 624 2447 634 2465; x_wconf 88' lang='lat'>‘</span> <span class='ocrx_word' id='word_1_206' title='bbox 648 2447 775 2480; x_wconf 85' lang='lat' dir='ltr'>duode-</span> <span class='ocrx_word' id='word_1_207' title='bbox 809 2434 980 2499; x_wconf 63' lang='lat' dir='ltr'>gapdum!</span> <span class='ocrx_word' id='word_1_208' title='bbox 1070 2481 1077 2488; x_wconf 46' lang='lat'><strong>·</strong></span> <span class='ocrx_word' id='word_1_209' title='bbox 1196 2481 1203 2488; x_wconf 44' lang='lat'><em>·</em></span> 
     </span>
     <span class='ocr_line' id='line_1_33' title="bbox 158 2481 1426 2525; baseline -0.006 -5"><span class='ocrx_word' id='word_1_210' title='bbox 158 2491 222 2523; x_wconf 81' lang='lat' dir='ltr'>cim</span> <span class='ocrx_word' id='word_1_211' title='bbox 239 2491 413 2525; x_wconf 61' lang='lat' dir='ltr'>millibus)</span> <span class='ocrx_word' id='word_1_212' title='bbox 890 2482 962 2513; x_wconf 89' lang='lat' dir='ltr'>The</span> <span class='ocrx_word' id='word_1_213' title='bbox 978 2481 1120 2521; x_wconf 80' lang='lat' dir='ltr'>English</span> <span class='ocrx_word' id='word_1_214' title='bbox 1135 2481 1307 2512; x_wconf 75' lang='lat' dir='ltr'>delivered</span> <span class='ocrx_word' id='word_1_215' title='bbox 1321 2481 1426 2513; x_wconf 86' lang='lat' dir='ltr'>Perth</span> 
     </span>
    </p>
   </div>
   <div class='ocr_carea' id='block_1_7' title="bbox 156 2527 1431 2845">
    <p class='ocr_par' dir='ltr' id='par_1_20' title="bbox 203 2527 1431 2575">
     <span class='ocr_line' id='line_1_34' title="bbox 203 2527 1431 2575; baseline 0.001 -17"><span class='ocrx_word' id='word_1_216' title='bbox 203 2557 216 2575; x_wconf 64' lang='lat'><strong>³</strong></span> <span class='ocrx_word' id='word_1_217' title='bbox 641 2562 648 2569; x_wconf 34' lang='lat'>⁸</span> <span class='ocrx_word' id='word_1_218' title='bbox 809 2528 878 2559; x_wconf 90' lang='lat' dir='ltr'>into</span> <span class='ocrx_word' id='word_1_219' title='bbox 903 2528 959 2559; x_wconf 90' lang='lat' dir='ltr'>the</span> <span class='ocrx_word' id='word_1_220' title='bbox 986 2528 1128 2567; x_wconf 80' lang='lat' dir='ltr'>custody</span> <span class='ocrx_word' id='word_1_221' title='bbox 1151 2527 1189 2559; x_wconf 87' lang='lat' dir='ltr'>of</span> <span class='ocrx_word' id='word_1_222' title='bbox 1207 2527 1263 2559; x_wconf 88' lang='lat' dir='ltr'>the</span> <span class='ocrx_word' id='word_1_223' title='bbox 1288 2528 1370 2559; x_wconf 84' lang='lat' dir='ltr'>Earl</span> <span class='ocrx_word' id='word_1_224' title='bbox 1392 2528 1431 2560; x_wconf 85' lang='lat' dir='ltr'>of</span> 
     </span>
    </p>

    <p class='ocr_par' dir='ltr' id='par_1_21' title="bbox 157 2560 1426 2744">
     <span class='ocr_line' id='line_1_35' title="bbox 181 2560 1425 2614; baseline 0.002 -12"><span class='ocrx_word' id='word_1_225' title='bbox 181 2606 188 2613; x_wconf 53' lang='grc'>,</span> <span class='ocrx_word' id='word_1_226' title='bbox 240 2560 373 2592; x_wconf 63' lang='lat' dir='ltr'>Gra-hbe</span> <span class='ocrx_word' id='word_1_227' title='bbox 398 2570 470 2614; x_wconf 53' lang='lat' dir='ltr'>W‘JS</span> <span class='ocrx_word' id='word_1_228' title='bbox 496 2571 518 2593; x_wconf 63' lang='grc' dir='ltr'>θ’</span> <span class='ocrx_word' id='word_1_229' title='bbox 543 2561 691 2594; x_wconf 65' lang='lat' dir='ltr'>Flemffih</span> <span class='ocrx_word' id='word_1_230' title='bbox 716 2571 776 2593; x_wconf 67' lang='lat'>⁶¹¹·</span> <span class='ocrx_word' id='word_1_231' title='bbox 809 2574 896 2614; x_wconf 82' lang='lat' dir='ltr'>Fife,</span> <span class='ocrx_word' id='word_1_232' title='bbox 906 2574 983 2606; x_wconf 88' lang='lat' dir='ltr'>who</span> <span class='ocrx_word' id='word_1_233' title='bbox 993 2574 1172 2613; x_wconf 83' lang='lat' dir='ltr'>hadlately</span> <span class='ocrx_word' id='word_1_234' title='bbox 1182 2574 1328 2606; x_wconf 86' lang='lat' dir='ltr'>revolted</span> <span class='ocrx_word' id='word_1_235' title='bbox 1342 2574 1425 2605; x_wconf 82' lang='lat' dir='ltr'>from</span> 
     </span>
     <span class='ocr_line' id='line_1_36' title="bbox 157 2607 1426 2662; baseline 0.004 -16"><span class='ocrx_word' id='word_1_236' title='bbox 157 2615 291 2662; x_wconf 54' lang='lat' dir='ltr'>gffleeri</span> <span class='ocrx_word' id='word_1_237' title='bbox 315 2607 371 2638; x_wconf 68' lang='lat' dir='ltr'>the</span> <span class='ocrx_word' id='word_1_238' title='bbox 394 2607 470 2647; x_wconf 76' lang='lat' dir='ltr'>Shlp</span> <span class='ocrx_word' id='word_1_239' title='bbox 486 2608 559 2661; x_wconf 44' lang='lat'>31⁸⁰</span> <span class='ocrx_word' id='word_1_240' title='bbox 581 2618 675 2639; x_wconf 72' lang='lat' dir='ltr'><strong>came</strong></span> <span class='ocrx_word' id='word_1_241' title='bbox 691 2608 773 2639; x_wconf 68' lang='lat' dir='ltr'><strong>ff⁰¹¹¹</strong></span> <span class='ocrx_word' id='word_1_242' title='bbox 811 2620 903 2661; x_wconf 86' lang='lat' dir='ltr'>King</span> <span class='ocrx_word' id='word_1_243' title='bbox 919 2620 1054 2658; x_wconf 87' lang='lat' dir='ltr'>David;</span> <span class='ocrx_word' id='word_1_244' title='bbox 1077 2620 1190 2651; x_wconf 87' lang='lat' dir='ltr'>buthe</span> <span class='ocrx_word' id='word_1_245' title='bbox 1202 2619 1327 2660; x_wconf 87' lang='lat' dir='ltr'>shortly</span> <span class='ocrx_word' id='word_1_246' title='bbox 1341 2620 1426 2652; x_wconf 79' lang='lat' dir='ltr'>after</span> 
     </span>
     <span class='ocr_line' id='line_1_37' title="bbox 159 2652 1425 2707; baseline 0.002 -12"><span class='ocrx_word' id='word_1_247' title='bbox 159 2652 333 2684; x_wconf 47' lang='lat' dir='ltr'>blandem·</span> <span class='ocrx_word' id='word_1_248' title='bbox 398 2654 642 2695; x_wconf 66' lang='lat' dir='ltr'>Wstlfflflghamr</span> <span class='ocrx_word' id='word_1_249' title='bbox 693 2657 774 2694; x_wconf 81' lang='lat'>1313</span> <span class='ocrx_word' id='word_1_250' title='bbox 808 2666 960 2707; x_wconf 85' lang='lat' dir='ltr'>changed</span> <span class='ocrx_word' id='word_1_251' title='bbox 977 2666 1080 2706; x_wconf 81' lang='lat' dir='ltr'>sides,</span> <span class='ocrx_word' id='word_1_252' title='bbox 1095 2666 1162 2698; x_wconf 80' lang='lat' dir='ltr'>and</span> <span class='ocrx_word' id='word_1_253' title='bbox 1183 2666 1344 2706; x_wconf 84' lang='lat' dir='ltr'>betrayed</span> <span class='ocrx_word' id='word_1_254' title='bbox 1368 2665 1425 2698; x_wconf 84' lang='lat' dir='ltr'>the</span> 
     </span>
     <span class='ocr_line' id='line_1_38' title="bbox 158 2698 1426 2744; baseline 0.005 -6"><span class='ocrx_word' id='word_1_255' title='bbox 158 2698 353 2739; x_wconf 60' lang='lat' dir='ltr'>knyghton,</span> <span class='ocrx_word' id='word_1_256' title='bbox 367 2702 467 2732; x_wconf 78' lang='lat'>2561·</span> <span class='ocrx_word' id='word_1_257' title='bbox 808 2715 899 2744; x_wconf 90' lang='lat' dir='ltr'>town</span> <span class='ocrx_word' id='word_1_258' title='bbox 914 2713 983 2744; x_wconf 89' lang='lat' dir='ltr'>into</span> <span class='ocrx_word' id='word_1_259' title='bbox 998 2712 1053 2744; x_wconf 88' lang='lat' dir='ltr'>the</span> <span class='ocrx_word' id='word_1_260' title='bbox 1065 2712 1173 2744; x_wconf 83' lang='lat' dir='ltr'>hands</span> <span class='ocrx_word' id='word_1_261' title='bbox 1188 2712 1226 2743; x_wconf 82' lang='lat' dir='ltr'>of</span> <span class='ocrx_word' id='word_1_262' title='bbox 1236 2712 1290 2744; x_wconf 86' lang='lat' dir='ltr'>his</span> <span class='ocrx_word' id='word_1_263' title='bbox 1305 2713 1426 2744; x_wconf 81' lang='lat' dir='ltr'>former</span> 
     </span>
    </p>

    <p class='ocr_par' dir='ltr' id='par_1_22' title="bbox 156 2754 1426 2845">
     <span class='ocr_line' id='line_1_39' title="bbox 202 2754 1426 2798; baseline 0.003 -12"><span class='ocrx_word' id='word_1_264' title='bbox 202 2754 214 2773; x_wconf 86' lang='lat'><strong>⁴</strong></span> <span class='ocrx_word' id='word_1_265' title='bbox 238 2755 396 2796; x_wconf 86' lang='lat' dir='ltr'>Adopted</span> <span class='ocrx_word' id='word_1_266' title='bbox 439 2758 521 2789; x_wconf 80' lang='lat' dir='ltr'>from</span> <span class='ocrx_word' id='word_1_267' title='bbox 564 2758 640 2789; x_wconf 90' lang='lat' dir='ltr'>MS.</span> <span class='ocrx_word' id='word_1_268' title='bbox 674 2758 773 2790; x_wconf 79' lang='lat' dir='ltr'>Harl.</span> <span class='ocrx_word' id='word_1_269' title='bbox 807 2759 935 2790; x_wconf 81' lang='lat' dir='ltr'>friends</span> <span class='ocrx_word' id='word_1_270' title='bbox 950 2768 988 2790; x_wconf 83' lang='lat' dir='ltr'>as</span> <span class='ocrx_word' id='word_1_271' title='bbox 1011 2768 1054 2790; x_wconf 82' lang='lat' dir='ltr'>an</span> <span class='ocrx_word' id='word_1_272' title='bbox 1078 2762 1211 2790; x_wconf 74' lang='lat' dir='ltr'>eeu-nest</span> <span class='ocrx_word' id='word_1_273' title='bbox 1225 2758 1263 2790; x_wconf 80' lang='lat' dir='ltr'>of</span> <span class='ocrx_word' id='word_1_274' title='bbox 1281 2759 1333 2790; x_wconf 79' lang='lat' dir='ltr'>bis</span> <span class='ocrx_word' id='word_1_275' title='bbox 1355 2759 1426 2798; x_wconf 78' lang='lat' dir='ltr'>loy-</span> 
     </span>
     <span class='ocr_line' id='line_1_40' title="bbox 156 2802 1301 2845; baseline 0.005 -14"><span class='ocrx_word' id='word_1_276' title='bbox 156 2804 232 2841; x_wconf 85' lang='lat'>655,</span> <span class='ocrx_word' id='word_1_277' title='bbox 247 2802 313 2833; x_wconf 89' lang='lat' dir='ltr'>and</span> <span class='ocrx_word' id='word_1_278' title='bbox 331 2803 561 2843; x_wconf 85' lang='lat' dir='ltr'>Walsingham</span> <span class='ocrx_word' id='word_1_279' title='bbox 577 2815 585 2843; x_wconf 93' lang='grc'>;</span> <span class='ocrx_word' id='word_1_280' title='bbox 611 2805 772 2845; x_wconf 81' lang='lat' dir='ltr'>Heming-</span> <span class='ocrx_word' id='word_1_281' title='bbox 807 2806 891 2845; x_wconf 87' lang='lat' dir='ltr'>alty.</span> <span class='ocrx_word' id='word_1_282' title='bbox 933 2805 979 2836; x_wconf 81' lang='lat' dir='ltr'>H.</span> <span class='ocrx_word' id='word_1_283' title='bbox 995 2805 1189 2844; x_wconf 64' lang='lat' dir='ltr'>Knygfflon,</span> <span class='ocrx_word' id='word_1_284' title='bbox 1203 2807 1301 2837; x_wconf 80' lang='lat'><strong>2562.</strong></span> 
     </span>
    </p>
   </div>
   <div class='ocr_carea' id='block_1_8' title="bbox 227 2878 1221 2911">
    <p class='ocr_par' dir='ltr' id='par_1_23' title="bbox 227 2878 1221 2911">
     <span class='ocr_line' id='line_1_41' title="bbox 227 2878 1221 2911; baseline 0.018 -5"><span class='ocrx_word' id='word_1_285' title='bbox 227 2878 325 2908; x_wconf 65' lang='lat' dir='ltr'>von.</span> <span class='ocrx_word' id='word_1_286' title='bbox 352 2879 401 2909; x_wconf 85' lang='lat'>11.</span> <span class='ocrx_word' id='word_1_287' title='bbox 1187 2881 1221 2911; x_wconf 81' lang='lat' dir='ltr'>X</span> 
     </span>
    </p>
   </div>
  </div>
 </body>
</html>
