1992 3202
467 262 690 293 WALTEm
723 262 785 292 DE
816 262 1192 292 nnmmcnuncn.
1375 251 1431 292 31

165 372 395 419 petentes;
419 366 498 420 qui
516 366 852 407 successionem
870 366 999 418 regni
1015 365 1183 407 Scotiae
1200 364 1433 418 praedictae
1469 377 1587 402 Edward
1604 377 1626 402 1.

167 433 384 485 puellulae
398 432 610 486 pronepti
630 444 726 473 suae
741 431 848 486 jure
864 431 1153 473 haereditario
1169 435 1433 484 competere
1450 410 1632 495 ³4:3⁸¹?OE

167 498 345 546 videns,
376 496 663 539 admonendo
693 497 926 539 consuluit
959 502 1011 539 ut
1042 497 1098 538 de
1133 496 1433 538 nobilioribus
1450 504 1593 529 Scotlnnd·

167 569 214 605 et
240 564 594 617 sapientioribus
617 568 752 605 terrae
771 564 895 605 illius
923 563 1203 616 eligerentur
1233 567 1434 616 quatuor

168 630 398 680 custodes,
411 630 505 684 qui,
525 642 751 671 summam
774 642 934 683 pacem
958 634 1006 670 et
1026 629 1153 682 leges
1176 633 1312 670 terrae
1331 641 1432 670 cus-

168 696 412 746 todientes,
439 709 513 737 res
539 701 587 737 et
609 695 814 737 redditus
835 694 1013 748 regales
1035 696 1083 736 in
1115 695 1277 736 aerario
1310 694 1434 748 regis

169 761 338 804 Scotiae
368 762 668 804 reconderent
699 761 759 802 ad
791 774 925 801 usum
951 765 998 801 et
1035 761 1281 802 utilitatem
1314 773 1433 814 prae-

170 827 306 870 dictae
333 828 527 869 haeredis
547 831 594 868 et
614 839 712 867 suae
732 826 999 879 proneptis:
1031 826 1154 879 quod
1185 831 1232 867 et
1260 826 1433 867 factum

169 899 242 935 est
255 907 337 947 per
349 906 494 934 annos
512 892 688 945 aliquot
701 892 950 946 prudenter
964 891 1148 944 quidem
1164 897 1211 932 et
1224 891 1434 932 fideliter.

172 959 278 1000 Rex
306 963 462 1000 autem
488 958 745 999 Edwardus
773 958 882 999 dum
911 962 1019 1011 post
1043 962 1225 1010 tempus
1247 956 1434 1010 aliquod

169 1030 477 1066 reverteretur
499 1024 557 1065 ad
583 1024 785 1078 propria,
808 1024 960 1064 missis
989 1023 1162 1064 nuntiis
1190 1022 1249 1064 ad
1279 1035 1435 1076 regem

174 1091 437 1143 Norwegiae
467 1090 657 1131 eandem
689 1094 702 1112 ‘
719 1089 887 1131 filiam'
905 1088 918 1110 ¹
944 1089 991 1130 in
1022 1101 1104 1142 spe
1134 1089 1436 1130 successionis

169 1157 410 1210 magnifice
445 1156 702 1206 accersivit,
738 1168 843 1209 quae
875 1168 980 1197 cum
1020 1160 1143 1197 esset
1180 1159 1353 1205 tenera,
1389 1159 1436 1196 et

169 1223 217 1263 in
251 1222 479 1276 profunda
506 1222 650 1263 maris
687 1234 877 1276 aequora
915 1221 1173 1271 veheretur,
1202 1221 1437 1262 infirmata

170 1293 257 1339 est,
286 1288 553 1329 inundantis
583 1287 701 1329 serre
731 1301 823 1330 non
854 1287 1014 1329 valens
1044 1287 1250 1341 pericula
1279 1287 1434 1329 maris.

171 1354 380 1408 Cumque
422 1353 549 1395 ‘in'2
581 1353 778 1394 insulam
811 1353 1042 1395 Orcadum
1076 1358 1198 1394 esset
1232 1352 1436 1394 adducta

168 1422 216 1462 in
261 1433 343 1474 spe
374 1419 698 1473 recuperandae
737 1418 1033 1469 ‘sanitatis,’³
1086 1419 1436 1471 ingravescente

166 1486 450 1536 infirmitate,
469 1485 638 1526 ibidem
660 1485 845 1526 tandem
867 1485 1084 1527 defuncta
1103 1489 1187 1526 est.
1244 1485 1434 1526 Mortua

168 1557 321 1594 autem
343 1551 567 1605 praedicta
587 1551 742 1605 puella
761 1551 957 1592 divisum
988 1556 1060 1592 est
1086 1551 1305 1591 continuo
1325 1563 1435 1592 con-
1451 1567 1523 1592 Aa).
1540 1568 1611 1592 1291.

167 1619 319 1660 silium
351 1617 482 1671 regni
510 1617 694 1667 Scotiae,
715 1630 822 1671 pars
852 1618 973 1658 enim
1002 1621 1270 1670 magnatum
1301 1617 1434 1670 quasi
1450 1628 1589 1667 Disputqd

168 1685 319 1726 media
355 1684 542 1725 favebat
578 1683 609 1725 J
613 1683 784 1725 ohanni
821 1683 878 1724 de
920 1683 1104 1724 Baliolo
1148 1679 1334 1724 domino
1376 1683 1433 1724 de
1450 1668 1619 1686 mmmm

169 1750 410 1804 Galeway‚
431 1763 540 1803 pars
574 1762 685 1791 vero
712 1749 893 1803 reliqua
922 1749 1110 1791 favebat
1137 1748 1344 1790 Roberto
1375 1748 1433 1790 de

169 1817 322 1870 Bruys
353 1816 537 1857 domino
560 1815 714 1857 Vallis
743 1814 987 1857 Anandiae.
1049 1814 1187 1856 Unde
1216 1815 1432 1856 custodes

166 1883 376 1936 praedicti
419 1894 682 1935 praecavere
724 1881 934 1923 volentes
984 1894 1042 1922 ne
1084 1881 1204 1922 forte
1265 1881 1432 1923 seditio

167 1949 363 1991 oriretur
391 1948 440 1988 in
473 1947 662 2001 populo,
695 1947 750 1989 de
784 1947 977 1989 consilio
1004 1952 1270 2000 magnatum
1301 1947 1432 1999 regni

166 2015 336 2057 Scotiae
370 2014 595 2055 miserunt
633 2014 691 2055 ad
718 2027 873 2067 regem
912 2012 1098 2067 Angliae
1135 2018 1187 2054 ut
1219 2013 1266 2053 in
1297 2017 1431 2053 tanto
1450 2033 1511 2059 The
1525 2032 1645 2064 ffing‘ff

166 2081 304 2122 dubio
321 2080 421 2134 ejus
437 2080 629 2121 consilio
641 2080 926 2130 fruerentur3
949 2080 1028 2131 qui
1044 2078 1242 2119 remissis
1261 2078 1433 2119 nuntiis
1450 2066 1600 2132 {ffiffissd

167 2147 280 2196 suis,
301 2146 527 2199 episcopis
550 2145 726 2186 scilicet
749 2144 1051 2186 Dunolmensi
1072 2148 1118 2185 et
1141 2143 1435 2185 Karleolensi
1451 2132 1570 2165 ”mmm

168 2225 271 2254 cum
296 2211 481 2252 domino
515 2210 545 2251 J
550 2210 730 2251 ohanne
757 2210 815 2251 de
843 2210 1015 2264 Vescy,
1046 2210 1197 2251 verbis
1228 2209 1434 2263 pacificis

168 2283 214 2319 et
254 2277 476 2318 suasoriis
516 2276 789 2318 exhortatus
828 2281 900 2317 est
943 2288 1022 2317 eos
1063 2280 1116 2317 ut
1153 2275 1434 2316 ordinationi

167 2357 281 2393 suae,
299 2347 523 2397 quantum
545 2342 603 2383 ad
619 2341 954 2383 successionem
976 2342 1105 2394 regni
1122 2341 1292 2383 Scotiae
1313 2341 1435 2382 ordi-

168 2410 383 2459 nandam,
403 2421 453 2450 se
484 2412 648 2461 sponte
675 2411 1002 2461 supponerent.
1064 2407 1159 2458 Qui
1179 2410 1436 2448 convocato

167 2476 471 2530 parliamento
509 2479 557 2516 et
591 2474 930 2516 communicato
962 2473 1193 2514 communi
1224 2472 1436 2521 consilio,

167 2555 216 2583 se
240 2541 341 2596 ejus
362 2540 557 2582 consilio
581 2540 951 2592 ordinationique
972 2551 1130 2581 omnes
1152 2539 1288 2592 quasi
1309 2551 1438 2591 mag-

214 2703 222 2722 .
249 2705 258 2722 ⁶
270 2703 441 2744 ‘’uellam'’
457 2702 534 2734 MS·
550 2702 676 2734 Lansd‘
869 2721 882 2741 ³
905 2723 916 2740 ‘
930 2722 1050 2754 salutis
1066 2722 1076 2735 '
1092 2721 1167 2753 MS.
1186 2721 1310 2753 Lansd.

213 2751 225 2769 ²
249 2751 258 2768 ‘
271 2750 355 2790 per‚’
370 2750 446 2782 MS.
464 2749 590 2781 Lansd.
1053 2745 1063 2762 '
