2038 3306
451 299 677 331 wAn'rum
710 300 772 330 ΒΕ
804 297 1183 331 HEMlNGnURGH.
1345 291 1431 332 331

172 406 296 443 stare
324 402 544 453 favorem,
569 403 809 452 auxilium,
836 407 882 445 et
909 403 1146 445 consilium
1181 416 1431 457 praesump-
1453 427 1571 453 mma
1593 427 1648 462 ιη.

171 467 302 519 sisti;
348 469 502 518 immo,
539 469 661 521 quod
696 468 1007 521 perniciosius,
1048 469 1163 522 proh
1197 469 1355 511 dolor!
1388 475 1435 511 et
1470 461 1544 485 ’ω’
1564 462 1638 486 ¹³³⁰·

173 531 477 575 damnabilius
524 535 729 575 noscitur
776 534 993 583 existere,
1042 534 1082 575 si
1114 534 1286 576 veritas
1319 534 1434 576 rela-
1452 514 1651 606 Ξξῖἰοῗιῖεἷομ

174 597 296 639 tibus
339 599 632 652 suffragetur,
668 600 917 641 vicariatus
948 598 1144 640 officium
1174 612 1256 653 per
1290 604 1435 642 totam
1515 598 1522 605 ’

173 662 469 706 Almanniam
477 670 523 706 et
532 664 906 714 Germaniam,ac
913 665 1153 706 universas
1166 669 1213 706 et
1228 665 1434 718 singulas

175 741 331 770 earum
348 730 606 783 provincias
626 730 725 772 sive
740 734 912 783 partes,
929 730 987 771 ab
1007 730 1164 771 eodem
1183 729 1434 780 Ludovico,

175 795 260 835 sub
281 795 530 848 imperialis
554 794 750 836 nominis
778 794 930 843 titulo,
951 799 1003 836 ut
1023 795 1260 845 asseritur,
1278 808 1434 837 susce-

175 859 285 912 pisti
317 860 373 901 de
405 860 544 910 facto,
571 872 674 901 cum
706 860 804 912 ipse
834 858 1097 901 Ludovicus
1126 873 1210 901 nec
1242 873 1324 902 rex
1352 873 1436 902 nec

174 924 424 976 imperator
469 925 546 974 sit,
584 929 638 965 ut
675 924 931 977 praefertur.
1016 923 1164 978 Cujus
1203 930 1435 978 praetextu

176 989 406 1030 nonnullis
447 989 652 1042 praelatis
690 988 987 1030 ecclesiarum
1028 993 1075 1030 et
1117 991 1323 1042 personis
1363 1003 1436 1032 ec-

175 1053 442 1096 clesiasticis
464 1055 509 1095 in
530 1055 665 1096 terris
688 1054 866 1108 imperii
891 1054 1173 1104 constitutis,
1194 1056 1310 1096 acin
1326 1069 1426 1097 nos-

178 1124 250 1160 tra
279 1123 325 1160 et
351 1120 556 1161 ecclesiae
577 1124 840 1162 memoratae
863 1119 1108 1161 devotione
1137 1132 1192 1162 ac
1217 1120 1438 1163 fidelitate

178 1184 344 1226 debitis
377 1185 744 1238 persistentibus,
783 1185 868 1225 sub
905 1185 1054 1239 poenis
1090 1186 1324 1237 gravibus,
1359 1199 1439 1240 per

181 1254 286 1290 tuas
310 1250 374 1290 eis
407 1249 565 1292 literas
597 1250 900 1299 comminatis,
924 1250 1168 1292 mandasse
1204 1251 1367 1292 diceris
1393 1256 1439 1292 et

177 1314 433 1356 districtius
453 1315 727 1369 injunxisse,
750 1320 804 1357 ut
829 1315 887 1356 ad
908 1320 971 1364 te,
991 1319 1211 1368 tanquam
1235 1316 1439 1370 ejusdem

183 1379 406 1421 Ludovici
434 1381 482 1422 in
512 1379 762 1422 Almannia
788 1385 835 1422 et
864 1379 1116 1422 Germania
1154 1386 1201 1422 et
1232 1382 1440 1434 partibus

182 1445 458 1497 supradictis
490 1446 723 1494 vicarium,
751 1450 796 1486 et
817 1445 1022 1486 audituri
1040 1447 1370 1488 sententiarum
1393 1454 1439 1489 et

174 1510 450 1564 judiciorum
478 1511 622 1564 ipsius
645 1509 867 1553 Ludovici
894 1515 1168 1564 tuorumque
1199 1512 1439 1553 mandato-

183 1588 282 1616 rum
304 1575 640 1624 rectitudinem,
665 1588 719 1618 ac
745 1575 996 1628 praestituri
1019 1576 1165 1617 eidem
1191 1576 1441 1626 Ludovico,

182 1640 256 1682 vel
289 1640 369 1682 tibi
399 1640 498 1694 ejus
526 1641 723 1690 nomine,
765 1640 1112 1692 recognitiones,
1145 1641 1361 1694 homagia
1387 1643 1442 1683 de

183 1706 330 1754 terris,
360 1706 510 1755 bonis,
540 1711 587 1747 et
601 1705 799 1760 juribuS,
838 1717 941 1758 quae
962 1709 1119 1747 tenent
1146 1707 1205 1747 ab
1235 1707 1441 1760 imperio,

184 1771 492 1813 convenirent.
543 1771 615 1812 De
637 1775 683 1812 te
698 1771 856 1823 igitur,
876 1770 957 1819 fili,
974 1771 1128 1812 ubisit
1141 1776 1222 1813 tua
1237 1776 1418 1813 tuorum
1432 1796 1442 1803 ·

183 1849 272 1889 que
287 1836 651 1878 consiliariorum
666 1836 909 1889 prudentia
925 1848 984 1878 ex
1001 1849 1054 1877 eo
1076 1837 1329 1889 praesertim
1352 1851 1443 1879 non

184 1900 432 1943 sufficimus
454 1901 681 1950 admirari,
699 1901 820 1954 quod
838 1914 943 1942 cum
958 1906 1026 1951 tu,
1038 1901 1156 1943 sicut
1169 1902 1444 1951 audivimus,

184 1980 268 2020 pro
289 1966 468 2008 illorum
493 1966 764 2020 repetitione
789 1965 980 2020 jurium,
1001 1978 1104 2018 quae
1126 1966 1183 2007 ad
1210 1972 1254 2008 te
1278 1969 1444 2008 asseris

184 2033 424 2084 pertinere,
432 2045 523 2073 non
536 2032 633 2073 sine
646 2031 885 2084 grandium
899 2043 1198 2084 personarum
1213 2032 1445 2085 periculis,

185 2109 239 2138 ac
283 2109 588 2150 expensarum
635 2102 681 2138 et
726 2100 992 2149 sumptuum
1032 2095 1285 2149 profluviis,
1316 2111 1445 2151 pere-

185 2162 358 2214 grinari
377 2162 431 2203 ad
463 2167 616 2215 partes
643 2161 899 2204 Almanniae
932 2162 1180 2211 curaveris,
1201 2167 1246 2203 et
1275 2162 1444 2204 multos

186 2240 324 2281 super
347 2227 433 2268 hoc
449 2227 609 2269 seceris
629 2231 898 2280 apparatus,
915 2239 1034 2268 nunc
1055 2227 1219 2279 spretis
1239 2227 1443 2282 ejusdem

186 2292 535 2346 praedecessoris
581 2292 885 2346 processibus,
922 2296 968 2333 et
1002 2291 1210 2334 deductis
1259 2293 1444 2334 damna—

185 2358 337 2399 biliter
370 2359 417 2399 in
441 2362 752 2411 contemptum
781 2355 928 2410 poenis
955 2361 1002 2397 et
1028 2358 1261 2400 sententiis
1285 2371 1445 2411 supra-

187 2423 338 2472 dictis,
376 2423 540 2476 quibus
583 2428 629 2464 te
672 2421 928 2471 manifeste,
959 2421 998 2462 si
1034 2434 1137 2474 quae
1173 2424 1302 2464 nobis
1332 2424 1446 2465 refe-

187 2493 350 2530 runtur
372 2501 481 2530 vera
507 2489 615 2537 sint,
639 2501 729 2529 non
750 2488 922 2539 absque
952 2486 1178 2529 horrenda
1198 2493 1324 2538 nota,
1345 2502 1449 2542 quae

186 2566 278 2595 non
309 2566 471 2607 parum
505 2553 714 2594 obfuscat
743 2553 811 2594 tui
840 2552 1095 2593 claritatem
1126 2555 1320 2605 generis,
1343 2567 1447 2607 pro-

187 2619 400 2660 culdubio
421 2623 434 2640 ‘
448 2618 724 2672 implicasti.'
741 2617 752 2638 ¹
824 2618 884 2659 Et
906 2616 1214 2667 nihilominus,
1239 2620 1447 2671 quamvis

236 2723 244 2741 ¹
270 2725 549 2764 ‘multiplicasti‚'
568 2724 642 2755 MS.
666 2723 752 2755 coll.
773 2724 911 2763 Magd.;
937 2724 1224 2766 ‘multiplicitati,'
1245 2725 1344 2758 MSS.
1361 2726 1449 2758 Cott.

190 2770 281 2800 Nero
297 2770 343 2802 D.
360 2770 396 2802 ii.
415 2770 480 2800 and
497 2770 583 2801 Con.
600 2770 692 2802 Trin.
709 2770 750 2801 R.
768 2773 800 2810 5,
818 2772 870 2801 10.
