2038 3306
467 317 695 348 WALTERI
726 317 787 348 DE
819 316 1199 349 nnmmcnuncu.
1375 305 1462 348 227

201 417 402 471 Angliae,
424 421 504 474 qui
525 427 625 463 erat
651 421 738 462 sibi
763 426 873 463 tunc
897 422 1109 463 inimicus
1133 419 1375 475 capitalis;
1413 426 1460 463 et

199 486 388 528 recessit
430 500 582 528 comes
633 487 795 538 iratus,
837 493 884 529 et
937 493 1107 529 extunc
1142 499 1314 528 vexare
1354 499 1459 528 eum

198 550 340 604 coepit
363 565 445 594 rex
474 553 520 594 in
550 558 772 607 quantum
802 554 963 607 potuit.
1036 553 1202 595 Comes
1225 566 1334 594 vero
1363 565 1455 594 non

198 615 357 658 videns
379 618 503 659 aliud
529 619 792 669 remedium,
808 619 1055 661 associavit
1075 632 1124 660 se
1140 619 1238 672 regi
1256 617 1457 672 Angliae,

199 685 246 722 et
270 694 427 725 omnes
454 684 658 727 Francos
682 685 818 740 eiecit
851 685 907 726 de
934 690 1058 726 terra
1087 696 1186 739 sua.
1257 684 1318 725 Et
1337 696 1455 738 prae-

198 747 316 789 stitit
337 750 378 791 ei
401 763 483 791 rex
502 763 635 792 suum
658 750 900 800 auxilium,
920 750 1039 791 sicut
1069 750 1281 803 superius
1307 749 1454 791 conti-

199 818 347 856 netur.
420 816 535 858 Post
565 816 699 871 cujus
734 828 980 865 recessum,
1001 820 1225 857 venerunt
1252 815 1309 857 ad
1338 827 1456 868 prae-

196 879 367 921 dictum
412 882 624 923 comitem
664 882 874 923 dominus
911 880 1107 923 Carolus
1149 880 1291 922 frater
1328 881 1450 933 regis

201 943 410 987 Franciae
443 952 489 988 et
519 960 671 989 comes
701 947 758 988 de
800 946 1022 1000 Arthoys,
1053 946 1319 988 inducentes
1349 958 1454 987 eum

197 1011 349 1052 verbis
388 1012 591 1065 pacificis
627 1013 748 1067 quod
782 1025 887 1054 cum
926 1013 992 1054 eis
1022 1012 1198 1053 veniret
1232 1011 1454 1061 Parisius,

197 1077 283 1118 sub
298 1090 380 1131 spe
395 1079 649 1120 concordiae
665 1078 907 1130 faciendae3
930 1077 1262 1132 etjuraverunt
1277 1077 1334 1127 ei,
1348 1082 1394 1118 et
1406 1078 1453 1118 in

198 1141 286 1184 fide
315 1143 490 1186 militiae
512 1146 834 1198 promiserunt,
856 1144 978 1199 quod
1009 1145 1049 1186 si
1072 1143 1340 1185 concordari
1364 1156 1453 1184 non

199 1214 402 1261 possent,
417 1215 589 1252 extunc
610 1210 790 1252 salvum
806 1223 910 1251 eum
931 1210 1201 1252 reducerent
1215 1210 1262 1250 in
1284 1215 1453 1251 terram

194 1286 325 1316 suam
349 1275 394 1316 in
417 1276 607 1318 eundem
631 1277 783 1318 locum
802 1276 922 1318 unde
937 1276 1244 1317 abduxerant.
1297 1274 1452 1316 Credi-

196 1339 369 1394 ditque,
384 1347 430 1383 et
444 1342 557 1383 abiit
569 1355 672 1383 cum
688 1342 826 1392 eis‚et
839 1355 867 1383 a
878 1355 987 1395 rege
1001 1342 1159 1383 dolose
1175 1345 1188 1363 ‘
1198 1341 1410 1383 detentus
1421 1339 1450 1362 ’¹

196 1411 267 1446 est
296 1411 343 1448 et
372 1406 695 1449 incarceratus.
767 1407 903 1459 Quod
944 1408 1102 1449 videns
1137 1407 1281 1448 frater
1316 1406 1451 1460 regis,

197 1471 275 1524 qui
308 1485 411 1513 eum
448 1474 493 1514 in
531 1474 620 1514 fide
658 1479 941 1528 susceperat,
983 1486 1066 1515 nec
1109 1473 1305 1514 liberare
1347 1485 1450 1513 eum

197 1537 372 1588 valens,
388 1539 592 1592 perrexit
607 1539 754 1580 iratus
770 1551 798 1580 a
818 1539 959 1581 fratre
975 1552 1059 1580 suo
1079 1539 1136 1580 ad
1153 1539 1326 1580 curiam
1344 1551 1450 1591 pro-

196 1615 377 1656 peranS,
399 1608 449 1645 ut
469 1604 772 1646 absolutionis
793 1604 1063 1646 beneficium
1085 1609 1097 1626 ‘
1114 1604 1170 1645 de
1183 1604 1450 1658 juramento

194 1667 342 1710 fracto
357 1668 394 1691 '²
410 1670 628 1724 consequi
646 1674 914 1719 mereretur,
933 1671 1011 1711 ubi
1027 1683 1056 1711 a
1068 1682 1191 1724 papa
1209 1669 1449 1711 Bonifacio

196 1739 362 1776 unctus
407 1741 477 1777 est
511 1736 558 1779 in
595 1749 747 1790 regem
785 1736 970 1786 Siciliae,
1007 1740 1060 1777 ut
1095 1741 1258 1777 contra
1293 1748 1448 1788 regem

194 1799 463 1854 Aragonum
496 1814 683 1843 causam
721 1807 767 1843 et
799 1806 972 1844 statum
994 1801 1220 1843 Romanae
1243 1801 1449 1842 ecclesiae

192 1873 564 1922 prosequeretur.
655 1867 748 1920 Qui
794 1868 942 1910 multa
982 1867 1202 1922 expendit
1241 1868 1288 1908 in
1342 1880 1451 1920 pos·

192 1936 367 1984 terum3
400 1934 478 1975 sed
512 1947 675 1987 parum
711 1933 919 1988 profecit,
946 1939 992 1975 et
1023 1933 1206 1974 demum
1238 1945 1449 1974 reversus

191 2003 263 2040 est
283 1999 341 2040 ad
360 1999 549 2041 fratrem
566 2000 663 2041 sine
681 2012 836 2053 regno.
879 1999 1080 2041 Retento
1094 1999 1250 2053 itaque
1266 1998 1449 2048 comite,

190 2064 272 2105 filii
307 2065 408 2119 ejus
444 2066 795 2106 insurrexerunt
829 2078 913 2120 pro
948 2078 1018 2115 eo,
1051 2069 1098 2105 et
1129 2068 1449 2118 prosperatum

191 2135 262 2171 est
281 2132 518 2183 negotium
534 2132 580 2171 in
597 2131 807 2172 manibus
821 2143 994 2179 eorum,
1011 2131 1130 2171 sicut
1149 2142 1291 2183 supra
1309 2134 1447 2183 patet.

192 2195 255 2236 Et
274 2201 379 2249 post
399 2209 544 2237 annos
563 2209 752 2250 paucos,
768 2209 869 2237 cum
893 2196 1150 2237 ordinasset
1169 2208 1291 2249 papa
1308 2195 1449 2236 Boni-

193 2261 339 2302 facius
365 2275 449 2315 pro
479 2263 601 2303 bono
633 2263 760 2315 pacis
795 2262 1089 2315 maritagium
1119 2262 1242 2314 regis
1264 2260 1449 2314 Angliae

191 2339 293 2368 cnm
330 2340 489 2369 sorore
526 2328 648 2380 regis
683 2328 906 2378 Franciae,
938 2334 983 2369 et
1015 2328 1096 2368 filii
1133 2328 1204 2368 sui
1242 2326 1451 2381 praedicti

190 2405 294 2434 cum
319 2393 412 2434 filia
436 2394 557 2446 regis
571 2406 710 2447 quam
732 2407 822 2435 non
843 2393 1021 2443 dilexit,
1037 2398 1219 2435 mortua
1241 2400 1311 2433 est
1334 2405 1451 2446 prae-

191 2459 316 2500 dicta
346 2459 440 2501 filia
466 2459 649 2501 comitis
676 2460 722 2501 in
748 2460 884 2501 domo
915 2460 1036 2512 regis
1068 2458 1291 2508 Franciae,
1314 2463 1376 2508 et,
1401 2462 1452 2499 ut

190 2524 443 2575 dicebatur,
478 2538 656 2567 veneno
694 2526 916 2575 extincta,
950 2538 1006 2566 ne
1041 2523 1450 2566 ‘duceretur’³·in

189 2595 420 2645 posterum
444 2604 472 2632 a
493 2592 587 2632 filio
610 2592 732 2644 regis
755 2590 938 2644 Angliae
961 2591 1040 2645 qui
1062 2590 1225 2632 dilexit
1249 2602 1365 2631 eam.

235 2761 248 2825 ἑ
267 2763 469 2840 ἓξὲιῖῗὲἓδῖζι
477 2763 706 2841 Egiss'lfdfflffll'·
883 2783 895 2802 ³
919 2786 928 2801 ‘
942 2783 1179 2822 induceretur,¹
1197 2783 1271 2814 MS.
1290 2782 1413 2815 Lansd.

1258 2870 1323 2899 02

1499 430 1619 456 Eunu-d
1632 431 1657 458 1.

1490 464 1526 489 A.
1540 464 1575 489 D.
1591 466 1665 489 1³03.

1476 517 1574 550 OrIgin
1588 518 1619 543 of
1629 518 1677 543 the

1474 557 1534 576 var
1548 552 1675 576 between

1475 583 1569 615 Philip
1582 584 1638 608 and

1474 617 1524 642 the
1536 617 1627 642 Count
1639 617 1671 642 of

1475 650 1622 676 Plauders.
