2038 3306
541 330 628 373 228
1035 342 1314 374 cmmmcon

349 521 467 548 mmm
481 522 506 549 1.
577 511 641 552 De
667 510 797 552 Gestis
820 509 1039 565 Bomffacii
1060 510 1192 566 Papa
1210 526 1225 557 ,·
1257 517 1294 552 et
1313 512 1505 567 quomodo
1534 512 1758 553 Thesauros

328 555 363 580 A.
378 555 413 580 D.
425 556 500 581 130³.

1068 575 1267 631 perdidit.

332 715 502 780 ssffssssfiom.
615 705 750 750 Anno
774 706 961 749 Domini
991 717 1205 749 M.cccm.
1226 706 1340 748 obiit
1369 718 1491 760 papa
1522 705 1803 755 BonifaciuS,
2032 707 2038 749 ἑ

333 781 403 807 sace.
548 773 642 827 qui,
662 772 782 814 inter
801 777 971 815 caetera
986 773 1105 814 bona
1122 771 1223 826 ejus
1246 784 1388 825 opera
1407 784 1512 825 quae
1534 771 1659 821 fecit,
1681 770 1799 812 ordi-

545 838 676 880 navit
696 843 743 880 et
762 838 870 880 fecit
888 838 1081 880 Sextum
1100 837 1287 879 Librum
1306 837 1632 879 Decretalium.
1665 835 1800 877 Ordi-

550 904 680 946 navit
719 904 858 945 etiam
908 904 1032 958 quod
1075 916 1230 945 omnes
1273 908 1448 944 sanctae
1490 901 1711 943 moniales
1754 902 1800 942 in

548 969 759 1012 domibus
786 969 881 1011 suis
910 968 1254 1011 recluderentur
1276 982 1358 1022 per
1389 968 1593 1009 locorum
1634 967 1800 1008 dioece-

550 1047 704 1085 sanos,
724 1034 792 1076 ita
804 1034 926 1089 quod
949 1040 1076 1077 certa
1087 1040 1220 1088 septa
1240 1047 1268 1075 a
1288 1034 1384 1075 suis
1403 1033 1690 1076 monasteriis
1709 1046 1801 1074 non
2034 1015 2038 1082 ἓ

549 1100 837 1142 excederent.
899 1100 1205 1154 Disposuerat
1239 1100 1377 1142 etiam
1412 1099 1647 1140 ordinasse
1687 1098 1802 1139 duas
2034 1124 2038 1142 ι

552 1170 730 1207 tantum
747 1165 930 1218 regulas
943 1177 1281 1218 permansuras,
1295 1164 1419 1206 beati
1431 1164 1608 1205 scilicet
1620 1162 1806 1215 Augus-

551 1230 635 1272 tini
659 1236 707 1272 et
735 1230 884 1272 sancti
912 1229 1166 1280 Benedicti,
1187 1234 1233 1271 et
1264 1242 1422 1271 omnes
1454 1228 1635 1270 ordines
1665 1228 1804 1269 etiam

550 1296 744 1338 fratrum
770 1294 1132 1337 Praedicatorum
1160 1299 1207 1336 et
1229 1294 1457 1336 Minorum
1482 1293 1538 1334 ad
1560 1293 1666 1335 illos
1690 1293 1805 1334 duos

551 1361 734 1402 ordines
754 1360 1010 1411 reduxisse,
1029 1360 1380 1403 abominabatur
1401 1359 1521 1401 enim
1538 1363 1608 1402 tot
1623 1358 1804 1401 ordines

551 1439 652 1468 esse
676 1426 1006 1468 mendicantes,

829 1573 1006 1615 Fratres
1016 1573 1226 1629 petierunt
1245 1572 1525 1614 Possessiones.

618 1686 791 1728 Verum
814 1686 1147 1728 Praedicatores
1160 1691 1207 1728 et
1222 1686 1444 1736 Minores,
1460 1686 1547 1728 sibi
1564 1686 1805 1740 providere

552 1751 760 1793 volentes
802 1752 849 1795 in
898 1751 1118 1802 futurum,
1154 1752 1390 1794 instabant
1439 1751 1562 1805 apud
1613 1752 1804 1793 eundem

556 1830 723 1871 papam
745 1816 1009 1859 multotiens
1038 1823 1084 1859 et
1125 1830 1229 1858 cum
1258 1817 1493 1867 instantia,
1514 1823 1561 1858 et
1587 1818 1807 1871 promise-

555 1887 662 1925 runt
688 1895 738 1924 se
768 1882 877 1924 dare
908 1896 1004 1937 prae
1031 1883 1242 1924 manibus
1276 1883 1423 1924 multa
1449 1882 1593 1924 millia
1625 1884 1724 1924 auri
1759 1890 1804 1926 et

555 1949 736 2001 argenti
776 1948 966 2002 copiosi,
1010 1948 1049 1989 si
1097 1948 1361 2002 permittere
1405 1948 1544 1990 vellet
1593 1961 1716 2002 papa
1758 1955 1805 1991 et

555 2013 815 2067 specialiter
836 2014 1100 2067 dispensare
1120 2027 1223 2055 cum
1247 2014 1329 2064 eis,
1353 2014 1474 2068 quod
1496 2014 1809 2068 possessiones

556 2085 603 2120 et
625 2078 830 2120 redditus
850 2084 1022 2120 extunc
1045 2083 1234 2133 possent
1259 2079 1499 2121 admittere
1528 2079 1585 2120 de
1618 2079 1738 2121 dono
1763 2085 1810 2122 et

555 2144 773 2197 largitate
804 2144 1009 2186 conferre
1032 2144 1298 2195 volentium,
1329 2157 1387 2186 ex
1416 2145 1582 2198 quibus
1619 2145 1808 2187 honeste

556 2210 711 2252 vivere
746 2215 951 2264 possent,
985 2215 1031 2252 et
1066 2210 1132 2251 sic
1169 2222 1259 2251 non
1291 2215 1526 2264 oporteret
1555 2210 1611 2252 de
1642 2215 1808 2252 caetero

558 2288 660 2316 cum
710 2276 875 2317 rubore
926 2275 1198 2318 mendicare.
1291 2275 1614 2318 Dissimulavit
1655 2280 1808 2326 autem

558 2354 680 2395 papa
701 2353 843 2394 usque
865 2341 923 2383 ad
942 2346 1140 2395 tempus,
1155 2345 1202 2382 et
1222 2341 1406 2382 tandem
1431 2341 1661 2383 excitatus
1682 2355 1809 2395 quae-

559 2407 667 2449 sivit
688 2407 746 2448 ab
772 2406 854 2456 eis,
876 2411 1028 2448 utrum
1064 2411 1209 2448 totam
1241 2407 1479 2459 pecuniam
1510 2407 1731 2448 haberent
1763 2408 1811 2449 in

558 2472 687 2514 curia
728 2473 975 2526 paratam?
1065 2472 1126 2513 Et
1166 2472 1515 2524 responderunt,
1560 2472 1682 2525 quod
1727 2473 1809 2514 sic.

560 2537 620 2579 Et
633 2550 771 2592 papa,
788 2541 818 2559 “
830 2537 887 2579 In
903 2550 1097 2591 quorum
1110 2536 1321 2578 manibus
1338 2537 1550 2578 consistit
1562 2538 1756 2590 pecunia
1764 2535 1810 2580 'I''

559 2602 620 2644 Et
648 2603 994 2657 responderunt,
1024 2606 1055 2625 “
1075 2602 1132 2645 In
1154 2602 1363 2644 manibus
1394 2601 1555 2643 talium
1585 2608 1811 2644 mercato-

559 2669 711 2718 rum,’'
755 2674 800 2711 et
842 2668 1192 2710 nominaverunt
1234 2680 1339 2715 eos;
1384 2668 1632 2721 statimque
1670 2667 1812 2722 jussit

561 2735 714 2775 vocari
744 2739 1019 2775 mercatores
1054 2734 1100 2775 in
1128 2732 1374 2787 praesentia
1403 2733 1612 2782 fratrum,
1635 2738 1681 2774 et
1709 2733 1812 2775 illos

559 2804 803 2852 expectare
827 2800 949 2841 fecit.
1020 2798 1114 2850 Qui
1133 2812 1235 2840 cum
1256 2798 1488 2840 venissent
1504 2811 1655 2840 coram
1676 2812 1812 2854 papa,
