2038 3306
474 281 706 313 WAL'rmu
741 281 803 311 DE
835 281 1214 315 nssmmcnunon.
1390 272 1474 314 231

210 384 472 435 Lincolniae,
508 387 587 440 qui
634 391 839 428 moratus
880 393 951 430 est
986 387 1152 430 ibidem
1195 399 1276 441 per
1305 398 1474 428 annum
1509 396 1671 455 ξᾱὸιῗεὲοῐὲ

202 451 488 502 continuum,
522 452 742 507 cepitque
769 466 828 495 ex
865 454 1045 496 nomine
1073 453 1195 507 regis
1227 452 1473 494 fidelitates
1537 447 1543 454 ”
1581 448 1588 455 ’
1672 449 1678 454 ’

202 522 249 559 et
299 517 517 572 homagia
569 519 860 572 singulorum
911 533 1015 574 quae
1058 520 1371 570 debebantur3
1426 523 1474 560 et

204 595 415 625 reversus
453 589 524 626 est
566 585 624 627 ad
667 598 836 638 regem,
876 599 1013 640 quem
1055 591 1164 628 tunc
1208 585 1384 627 invenit
1425 585 1471 626 in

204 648 374 692 Scotia.

282 797 368 839 Rem
379 798 578 852 prooessit
600 799 647 840 ἐπ
668 799 848 841 &otiam
866 815 881 846 ,·
920 803 957 840 et
976 799 1163 840 concessit
1184 799 1335 840 Pacem
1354 805 1392 840 et

557 864 709 906 Terras
735 877 831 906 suas
855 864 902 906 in
919 864 1133 906 Formam.

272 975 443 1017 Eodem
460 989 597 1027 anno,
615 982 859 1031 postquam
875 977 1116 1020 audiverat
1134 990 1215 1019 rex
1241 991 1350 1020 suos
1373 991 1470 1020 cor-

205 1042 351 1083 ruisse
382 1043 428 1083 in
460 1043 632 1094 Scotia,
664 1049 716 1085 ut
751 1044 1022 1098 praedictum
1052 1049 1138 1094 est,
1168 1045 1471 1098 congregavit

203 1109 455 1150 exercitum
501 1110 754 1164 copiosum,
799 1115 846 1151 et
897 1115 1209 1152 convenerunt
1262 1110 1319 1152 ad
1365 1124 1466 1152 eum
1487 1121 1609 1179 {¹⁰⁶3}-

206 1186 364 1215 omnes
417 1187 477 1215 ex
523 1176 673 1218 edicto
722 1177 769 1218 in
821 1177 938 1218 festo
990 1176 1288 1219 Pentecostes
1346 1177 1468 1231 apud
1520 1162 1553 1187 δ’
1602 1172 1608 1180 ’

207 1238 536 1290 Rokesburch3
583 1242 906 1296 profectusque
952 1248 1023 1284 est
1060 1256 1141 1297 per
1183 1243 1331 1285 dietas
1370 1256 1467 1284 mo—
1486 1254 1606 1279 Edward

203 1305 345 1356 dicas,
373 1307 551 1360 praedas
587 1321 730 1361 agens
759 1308 945 1359 multas,
978 1309 1223 1350 incendens
1259 1314 1305 1350 et
1336 1309 1469 1363 quasi
1485 1293 1618 1345 ἓῖἶῗῖἷῗιῗᾱ

202 1371 449 1414 devastans
514 1374 684 1424 omnia,
744 1374 1134 1428 perlustravitque
1187 1379 1357 1416 terram
1421 1380 1468 1417 et
1484 1353 1643 1411 ῧῖἧῗυῖἷε.

205 1451 360 1479 omnes
406 1444 584 1480 montes
620 1453 764 1494 usque
805 1439 1101 1490 Cathenesse,
1140 1453 1223 1482 nec
1255 1445 1356 1482 erat
1388 1441 1468 1494 qui

204 1504 438 1546 resisteret
461 1505 520 1555 ei,
548 1505 763 1558 fugerant
785 1507 903 1547 enim
926 1506 984 1547 ad
1013 1506 1204 1560 paludes
1224 1512 1271 1548 et
1292 1507 1469 1548 insulas

202 1570 425 1623 quasdam
469 1571 699 1613 finitimas.
771 1571 996 1614 Videntes
1050 1577 1204 1614 autem
1247 1572 1374 1614 Scoti
1416 1585 1466 1613 se
1485 1585 1572 1617 Many
1585 1585 1616 1610 or

201 1636 327 1677 nullo
365 1636 501 1678 modo
532 1650 667 1691 posse
698 1638 926 1688 resistere,
957 1639 1176 1680 miserunt
1206 1638 1264 1679 ad
1294 1650 1464 1691 regem,
1484 1618 1642 1682 {Rssssitff'e'

203 1707 418 1754 rogantes
449 1703 681 1745 humiliter
711 1716 767 1745 ea
790 1717 893 1758 quae
914 1705 1043 1758 pacis
1064 1709 1199 1756 sunt;
1231 1709 1278 1746 et
1301 1705 1340 1745 si
1361 1717 1464 1757 per-

201 1769 381 1810 mittere
402 1769 540 1811 vellet
559 1771 680 1823 quod
707 1776 853 1812 terras
875 1783 999 1821 suas,
1021 1783 1136 1824 quas
1160 1770 1255 1811 suis
1277 1783 1466 1823 magna-
1520 1782 1523 1785 ·

203 1835 324 1875 tibus
349 1835 538 1877 dederat
562 1842 607 1878 et
638 1837 910 1890 promiserat
941 1841 1065 1886 ante,
1090 1841 1277 1890 possent
1301 1837 1387 1877 sub
1411 1849 1465 1878 eo

201 1900 389 1953 pacifice
415 1902 648 1956 possidere
678 1908 724 1944 et
754 1908 924 1953 tenere,
947 1903 1144 1944 libenter
1167 1915 1245 1943 eas
1275 1902 1468 1944 redime-

198 1972 302 2008 rent
337 1967 446 2009 dato
484 1969 645 2022 pretio.
717 1968 992 2022 Placuitque
1020 1968 1118 2022 regi
1141 1980 1306 2018 sermo,
1330 1973 1376 2010 et
1406 1981 1465 2009 ex

198 2033 439 2075 clementia
483 2035 612 2087 regia
654 2035 858 2088 suscepit
898 2047 978 2075 eos
1028 2034 1086 2076 ad
1126 2047 1286 2087 pacem
1330 2033 1466 2075 modo

201 2099 422 2152 praedicto
452 2100 499 2140 in
525 2100 643 2142 festo
664 2100 821 2142 Sancti
853 2099 1095 2141 Michaelis
1127 2100 1464 2154 subsequentis.
1483 2111 1607 2170 3⁰¹¹⁶³2³3

207 2164 534 2219 Reversusque
569 2171 639 2207 est
680 2171 727 2207 et
765 2166 946 2208 obsedit
981 2171 1182 2207 castrum
1215 2147 1655 2219 Sti'ivelyn,3‘f¹'1‘,'„3}‚4‚

200 2231 322 2284 quod
346 2232 473 2285 prius
497 2231 704 2273 obsidere
734 2232 880 2285 gratis
910 2232 1282 2286 praetermiserat,
1310 2236 1362 2274 ut
1390 2232 1462 2273 sui
1479 2237 1678 2295 lsiinesggggffr-

200 2297 376 2338 scilicet
405 2297 634 2351 fugientes
657 2298 716 2339 ab
739 2310 794 2339 eo
824 2310 906 2351 per
940 2310 1103 2342 manus
1133 2297 1332 2338 hostium
1364 2310 1461 2351 per·
1480 2278 1639 2336 (Agrum)-

200 2364 393 2404 transire
423 2364 650 2414 timerent,
679 2363 989 2416 hiemavitque
1020 2363 1077 2405 ad
1115 2362 1462 2417 Dunfermelyn,

200 2434 245 2470 ct
267 2429 330 2470 ibi
355 2429 481 2471 venit
511 2429 568 2470 ad
601 2442 704 2470 eum
736 2442 855 2471 uxor
889 2441 975 2471 sua
1009 2429 1167 2483 regina
1202 2441 1306 2482 quae
1339 2428 1463 2482 apud

199 2494 419 2548 Tynemw
443 2495 520 2537 diu
543 2500 789 2537 manserat.
840 2495 1096 2536 Transacto
1118 2494 1281 2543 hieme,
1298 2494 1462 2536 fortius

199 2561 336 2603 solito
352 2562 574 2602 insultum
595 2561 702 2603 fecit
719 2560 776 2603 ad
795 2566 996 2603 castrum
1018 2574 1030 2612 ;
1063 2561 1222 2602 habuit
1243 2561 1363 2602 enim
1378 2560 1464 2613 lig,-

200 2639 307 2667 neas
315 2627 549 2669 machinas
558 2627 742 2678 multas,
754 2626 1046 2681 projicientes
1062 2626 1237 2680 lapides
1251 2626 1465 2680 ponderis

197 2699 395 2742 centum,
432 2694 745 2744 ducentarum,
783 2693 855 2733 vel
886 2697 1191 2734 trecentarum
1228 2692 1461 2733 librarum.

199 2757 630 2812 Concusscruntquc
667 2773 821 2800 muros
852 2763 897 2799 ct
936 2758 1240 2800 demolierunt
1279 2758 1464 2800 excelsa
