2038 3306
568 307 654 351 390
1060 318 1122 348 cn
1130 317 1338 349 nomcou

356 433 477 459 savard
497 432 555 459 111-
572 422 655 464 tibi
677 433 758 475 per
785 433 870 462 nos
902 421 1212 471 commissum,
1232 433 1292 462 ex
1326 421 1477 462 causis
1510 419 1827 462 revocavimus

373 467 451 493 A.1).
466 467 542 492 1841.

355 521 416 546 The
423 521 558 552 Emperor

357 554 388 579 or
395 550 558 584 Gen-many·-

357 587 442 612 letter
456 590 486 612 to
496 586 546 611 the

359 620 445 650 King,
457 619 558 644 revok·

358 653 408 684 ing
418 653 464 677 his
475 652 539 678 title

358 685 547 750 synna.

367 1681 442 1711 King
456 1681 510 1706 Ed-

365 1713 464 1739 ward'u
475 1713 551 1745 reply

363 1750 392 1772 to
405 1747 453 1772 the
466 1747 530 1772 Em-

363 1787 444 1810 peror
455 1780 487 1804 of

366 1813 517 1844 Germany.

574 487 858 542 praenotatis,
929 486 1023 528 Pro
1045 487 1175 528 firmo
1195 486 1393 528 sciturus
1426 486 1548 539 quod
1577 487 1625 527 in
1655 490 1829 527 tracta-

576 555 696 595 tibus
716 554 884 594 nostris
903 553 968 594 sic
996 553 1079 594 tibi
1106 552 1306 593 fraterne
1334 551 1687 605 providebimus,
1706 549 1829 604 quod

576 620 615 661 si
657 618 826 660 nostris
866 618 1069 660 consiliis
1109 618 1399 671 acquiescere
1436 617 1653 666 volueris,
1688 627 1831 657 causa

577 690 659 726 tua
687 685 745 725 ad
783 684 916 725 finem
951 685 1135 734 bonum,
1169 684 1399 725 mediante
1433 688 1591 724 nostro
1626 681 1829 729 consilio,

579 750 866 804 perducetur.
935 750 1083 804 Super
1118 750 1283 804 quibus
1326 754 1451 790 tuam
1489 748 1737 790 amicitiam
1775 746 1834 787 de

577 821 735 858 nostra
775 816 1030 857 intentione
1064 815 1244 869 plenius
1284 813 1636 863 informandam,
1677 811 1832 865 religi·

578 895 708 924 osum
760 882 909 923 virum
973 881 1162 923 fratrem
1226 880 1560 930 Ebarhardum,
1615 880 1832 920 lectorem

578 947 748 989 ordinis
771 948 987 989 Fratrum
1015 947 1359 988 Heremitarum
1390 946 1546 987 Sancti
1566 943 1832 998 Augustini,

578 1013 825 1068 specialem
866 1019 1036 1054 nostrae
1076 1014 1216 1054 curiae
1254 1011 1559 1066 capellanum,
1601 1017 1694 1052 tuae
1737 1010 1832 1051 fra-

581 1080 787 1122 ternitati
831 1079 1207 1130 transmittimus;
1258 1090 1393 1132 quem
1440 1077 1653 1131 petimus,
1695 1088 1834 1129 super

577 1145 842 1198 praemissis,
873 1144 1083 1185 celeriter
1112 1143 1380 1198 expeditum
1413 1142 1597 1183 remitti.
1657 1141 1833 1183 Datum

582 1209 1036 1259 Fraunchunfordiae,
1109 1215 1215 1259 etc„
1282 1221 1402 1250 anno
1466 1207 1644 1261 imperii
1690 1206 1837 1248 nostri

580 1279 593 1298 ‘
609 1273 751 1317 xvu.¹
767 1276 795 1292 ’'

594 1421 781 1474 Qualiter
798 1420 1040 1463 Edwardus
1057 1421 1268 1463 Ludovico
1287 1421 1508 1478 rescripsit,
1529 1426 1566 1462 et
1584 1419 1707 1462 etiam
1723 1418 1830 1476 Epi-

1041 1488 1175 1543 scopis
1195 1488 1373 1544 Anyliae.

639 1602 747 1644 Rex
777 1606 929 1643 autem
966 1600 1150 1654 Angliae
1178 1601 1431 1643 Edwardus
1463 1601 1698 1643 Ludovico
1720 1612 1840 1654 prae-

579 1668 703 1709 dicto
717 1668 948 1721 rescripsit
963 1667 1010 1707 in
1027 1667 1124 1708 haec
1140 1668 1295 1709 verba.
1329 1671 1357 1690 “
1371 1664 1688 1709 Serenissimo²
1711 1666 1838 1719 prin—

580 1734 671 1786 cipi
703 1733 885 1774 domino
917 1732 1168 1782 Lodovico,
1200 1733 1289 1775 Dei
1318 1734 1486 1786 gratia,
1523 1733 1838 1775 Romanorum

580 1803 594 1821 ‘
610 1799 890 1852 imperatori'
903 1797 918 1819 ³
935 1811 1115 1851 semper
1130 1798 1362 1852 Augusto,
1387 1799 1660 1848 Edwardus,
1680 1798 1839 1839 eadem

581 1866 747 1917 gratia,
799 1877 882 1906 rex
937 1864 1146 1905 Franciae
1195 1869 1243 1905 et
1302 1864 1486 1917 Angliae
1536 1869 1582 1905 et
1630 1864 1840 1905 dominus
2036 1859 2038 1921 ᾖ

582 1930 838 1980 Hiberniae,
859 1929 1070 1979 salutem,
1095 1934 1142 1971 et
1165 1930 1333 1971 votivis
1353 1943 1533 1983 semper
1552 1930 1838 1971 successibus

580 1996 818 2048 gratulari.
888 1995 1159 2036 Sei-enitatis
1190 2000 1357 2036 vestrae
1387 1995 1545 2037 literas
1578 2000 1842 2037 reverenter
1956 2032 1973 2045 ,

579 2062 846 2115 recepimus,
883 2061 1000 2102 inter
1036 2061 1128 2102 alia
1163 2062 1446 2103 continentes
1480 2061 1603 2115 quod
1623 2060 1840 2114 ‘praecla-

578 2140 656 2168 rus
674 2126 709 2149 '⁴
732 2127 974 2180 Philippus
1004 2127 1061 2168 de
1096 2126 1286 2168 Valesio
1315 2127 1374 2168 ad
1406 2126 1693 2168 tractandam
1721 2127 1843 2168 inter

579 2205 662 2234 nos
704 2198 751 2234 et
787 2194 939 2246 ipsum
978 2193 1284 2240 concordiam,
1320 2193 1444 2234 dedit
1486 2193 1629 2242 vobis,
1668 2192 1730 2234 ad
1768 2205 1841 2234 re-

580 2259 872 2312 quisitionem
893 2263 1105 2310 vestram,
1125 2259 1222 2300 suis
1238 2259 1384 2300 literis
1403 2263 1696 2312 potestatem.
1748 2258 1838 2308 Et,

579 2325 619 2365 si
659 2325 862 2378 placeret
905 2325 1038 2365 nobis
1087 2329 1363 2378 potestatem
1411 2324 1673 2378 hujusmodi
1708 2324 1840 2366 vobis

627 2477 637 2496 ¹
661 2478 803 2510 ‘xxva'
819 2478 895 2510 MS.
907 2477 1007 2510 Harl.
1022 2480 1098 2509 655.
1119 2478 1191 2509 The
1225 2478 1308 2510 from
1322 2478 1377 2510 the
1389 2479 1466 2511 Rot.
1477 2478 1593 2511 Claus.
1605 2481 1645 2510 15
1657 2478 1755 2510 Edw.
1765 2479 1838 2510 111.

579 2533 663 2564 copy
676 2524 726 2567 >ot‘
746 2525 813 2556 this
842 2525 1033 2563 document,
1058 2524 1191 2563 printed
1226 2535 1260 2566 p.
1274 2527 1307 2566 2,
1323 2534 1367 2557 m.
1384 2527 1439 2564 34,
1452 2525 1498 2564 d.,
1520 2525 1577 2556 the
1592 2526 1725 2556 various
1740 2526 1839 2557 read-

579 2571 612 2601 in
644 2571 780 2609 Rymer,
816 2570 847 2601 is
881 2570 1044 2609 correctly
1066 2570 1189 2602 dated:
1224 2571 1300 2610 iugs
1336 2571 1374 2602 of
1416 2571 1702 2611 Hemingburgh’s
1738 2571 1841 2605 MSS.

578 2617 601 2634 “
613 2616 695 2648 Dat'
718 2615 1002 2647 Franchinfordiae
1030 2624 1110 2647 xxv.
1135 2616 1190 2647 die
1225 2617 1326 2656 being
1342 2617 1439 2656 given
1455 2617 1490 2648 in
1506 2616 1694 2649 root-notes.

578 2663 701 2694 mensis
725 2663 836 2702 Junii,
853 2672 939 2694 anno
965 2663 1060 2702 regni
1085 2663 1190 2693 nostri

577 2716 664 2741 xxv1.
681 2709 814 2749 imperii
830 2718 907 2740 vero
923 2707 1016 2740 xiv.’'
1269 2685 1282 2704 ³
1304 2684 1480 2725 ‘imperii‚’
1501 2684 1601 2717 MSS·
1617 2684 1656 2716 0f
1674 2685 1838 2725 fleming-

1222 2730 1344 2771 burgh.

624 2797 638 2815 ²
657 2799 740 2831 This
776 2796 954 2832 document
992 2801 1022 2831 is
1054 2801 1187 2840 printed
1269 2801 1282 2820 ⁴
1305 2798 1456 2830 Omitted
1471 2798 1506 2830 in
1521 2797 1623 2830 MSS.
