2038 3306
594 343 680 384 424
1079 358 1356 389 οΗηοΝιοοΝ

381 464 578 524 fflwlgquffl-
595 458 825 509 timuistis,
859 464 904 501 et
941 473 1024 513 pro
1056 461 1162 515 jure
1197 466 1354 503 nostro
1389 467 1435 503 et
1467 461 1640 503 honore
1675 461 1848 501 illibate

382 553 459 585 Kfng
472 553 537 578 pm-
595 524 936 576 conservandis,
959 526 1192 568 molestias
1223 527 1380 581 populi
1411 528 1555 568 nostri
1585 539 1726 580 grave
1757 539 1847 568 non

381 585 538 645 ξξξξξῐξξῗζ
597 590 823 632 modicum
845 592 1137 643 sustinemus,
1154 606 1244 634 non
1262 592 1311 634 in
1335 593 1548 647 superbia
1568 597 1614 634 et
1634 592 1847 641 elatione,

380 652 509 717 ἓῗζξξγῗῐ
597 650 965 711 praesumptione,
1001 671 1083 700 nec
1123 659 1169 699 in
1207 659 1373 700 fiducia
1420 658 1663 712 potestatis
1701 658 1851 711 gentis

596 728 781 773 nostrae,
803 723 882 764 sed
917 724 964 765 in
995 724 1272 766 confidentia
1305 724 1393 766 Dei
1426 728 1472 765 et
1500 723 1697 778 justitiae
1730 736 1847 776 quas

595 788 816 830 habemus
866 794 912 832 et
961 790 1079 844 quod
1128 803 1296 843 guerra
1334 790 1423 832 ista
1456 789 1592 830 finem
1630 788 1850 830 sortiatur

597 855 864 906 breviorem,
891 856 1020 897 vobis
1054 856 1171 898 scire
1205 856 1397 897 facimus
1427 855 1548 910 quod
1576 855 1614 896 si
1637 867 1718 896 vos
1742 855 1850 908 ‘qui

595 921 642 961 in
676 920 873 963 elatione
908 926 954 963 et
991 918 1400 976 praesumptione'¹
1442 927 1610 963 terram
1646 925 1850 962 nostram

596 987 820 1038 intrastis,
843 988 942 1029 ausi
977 987 1155 1029 fueritis
1190 993 1237 1029 et
1273 992 1517 1042 expectare
1555 987 1696 1028 vultis
1729 987 1850 1027 inter

598 1052 815 1094 Sanctum
850 1052 1132 1095 Germanum
1174 1054 1231 1095 de
1269 1054 1422 1096 Pratis
1467 1058 1601 1095 extra
1642 1052 1849 1094 Parisius

598 1123 644 1159 et
668 1118 849 1160 Vallem
882 1118 1080 1170 Girardi,
1114 1119 1186 1161 vel
1214 1120 1332 1161 inter
1365 1118 1768 1161 Francam-villam
1803 1122 1850 1159 et

600 1183 887 1234 Pontasium,
919 1185 1128 1238 proximo
1158 1185 1230 1226 die
1251 1184 1281 1226 J
1286 1185 1403 1235 ovis,
1425 1184 1632 1233 Sabbati,
1656 1183 1729 1224 die
1751 1183 1848 1224 Do-

598 1250 779 1300 minica,
793 1250 867 1291 vel
887 1250 960 1291 die
979 1250 1147 1292 Martis
1172 1251 1382 1303 proximo
1406 1247 1641 1303 sequente,
1659 1249 1732 1290 vel
1758 1262 1848 1302 quo

597 1315 669 1356 die
702 1315 936 1369 assignato
968 1322 1208 1369 acceptare
1233 1316 1526 1358 decreveritis
1550 1314 1849 1369 pugnandum
2029 1318 2035 1384 ἔ

597 1387 756 1423 contra
785 1394 867 1423 nos
899 1386 946 1423 et
975 1382 1224 1423 exercitum
1257 1388 1464 1423 nostrum
1494 1394 1587 1422 una
1617 1394 1719 1422 cum
1742 1381 1849 1422 sub·
2029 1387 2036 1439 ς

597 1447 704 1488 ditis
753 1448 920 1490 nostris
969 1453 1023 1489 et-
1053 1448 1227 1498 amicis,
1272 1448 1500 1490 fortunam
1537 1460 1673 1501 quam
1722 1447 1853 1488 nobis
2030 1442 2035 1457 ⁴

599 1512 900 1567 Omnipotens
958 1513 1128 1556 donare
1187 1515 1400 1567 dignetur
1458 1513 1850 1568 amplexabimur:

597 1579 764 1621 idcirco
799 1580 916 1621 enim
953 1593 1049 1630 vos,
1081 1580 1159 1634 qui
1195 1586 1363 1622 terram
1398 1580 1535 1622 vultis
1567 1579 1849 1633 conquirere,

597 1645 635 1685 si
676 1646 843 1686 bellum
882 1646 1107 1687 affectatis
1156 1647 1275 1687 sicut
1314 1646 1532 1697 asseritis,
1572 1645 1849 1687 oblationem

597 1712 733 1752 istam
769 1711 967 1753 refutare
1007 1725 1097 1753 non
1130 1712 1322 1753 debetis.
1393 1712 1453 1752 Et
1487 1709 1608 1764 q'uod
1641 1711 1850 1752 omnibus

597 1776 750 1829 palam
774 1777 869 1827 fiat,
894 1777 1013 1831 quod
1038 1791 1118 1831 per
1140 1791 1222 1819 nos
1247 1791 1374 1819 mora
1397 1777 1620 1831 prolixior
1640 1776 1737 1818 fieri
1760 1790 1850 1818 non

596 1843 847 1896 contingat,
870 1843 1018 1885 locum
1055 1857 1337 1885 communem
1369 1844 1445 1884 ubi
1477 1843 1592 1884 tales
1622 1843 1851 1884 exercitus

599 1908 807 1950 Franciae
849 1914 894 1950 et
933 1908 1116 1962 Angliae
1155 1910 1299 1950 forma
1337 1922 1540 1961 congrua
1578 1913 1622 1949 et
1662 1908 1851 1950 decente

596 1987 889 2027 congressum
913 1976 1080 2016 habere
1101 1980 1331 2028 poterunt,
1355 1975 1487 2016 vobis
1513 1987 1676 2028 capere
1703 1974 1852 2016 offeri-

597 2053 698 2081 mus
719 2046 765 2082 et
799 2041 1008 2082 liberare.
1080 2041 1141 2082 Et
1174 2040 1294 2094 quod
1330 2041 1509 2082 interim
1537 2053 1618 2082 vos
1655 2045 1702 2082 et
1736 2053 1850 2094 gens

596 2111 750 2147 vestra
795 2107 976 2156 damna,
1017 2107 1373 2157 combustiones,
1410 2112 1457 2149 et
1486 2106 1851 2160 depraedationes

596 2172 754 2225 quales
785 2172 934 2214 facitis
966 2186 1054 2214 non
1088 2173 1412 2215 committatis:
1449 2178 1496 2214 et
1519 2173 1616 2214 sine
1635 2172 1851 2214 dilatione

598 2251 677 2291 per
714 2239 870 2280 literas
905 2244 1083 2280 vestras
1127 2252 1266 2293 super
1301 2239 1390 2280 hiis
1429 2239 1712 2281 voluntatem
1748 2251 1851 2280 ves-

599 2310 716 2345 tram
751 2306 882 2346 nobis
913 2305 1165 2346 certificare
1195 2306 1393 2355 curetis3
1431 2306 1469 2346 si
1506 2305 1624 2346 enim
1654 2317 1747 2358 per*
1771 2317 1852 2345 vos

598 2371 676 2422 qui
709 2371 918 2420 multum,
938 2377 992 2412 ut
1026 2371 1261 2421 asseritur,
1293 2370 1462 2412 bellum
1499 2370 1740 2420 affectatis,
1775 2371 1855 2411 ob-

598 2436 709 2477 latio
741 2437 935 2490 praefata
965 2437 1176 2491 neglecta
1198 2451 1288 2478 non
1313 2437 1449 2478 fuerit
1484 2437 1563 2478 sed
1595 2440 1852 2490 acceptata,

598 2503 732 2543 modo
766 2503 1034 2556 praescripto
1057 2502 1318 2545 conflictum
1347 2502 1671 2556 possidendum
1693 2501 1853 2543 defice-

598 2581 646 2609 re
687 2582 775 2610 non
807 2569 1016 2622 potestis.
1089 2569 1143 2610 In
1184 2582 1376 2622 quorum
1411 2569 1671 2610 testimonio
1701 2567 1852 2620 sigillo

598 2639 754 2676 nostro
807 2648 972 2688 magno
1023 2635 1182 2676 literas
1230 2635 1346 2676 istas
1399 2634 1589 2675 fecimus
1642 2633 1850 2686 sigillari.

643 2816 652 2834 ¹
677 2819 733 2850 ‘et
756 2819 912 2859 elatione,
938 2819 1212 2858 praesumptione,
1232 2827 1292 2848 nec
1315 2817 1349 2847 in
1377 2815 1501 2847 fiducia
1530 2814 1730 2855 potestatis‚’
1756 2813 1859 2845 MSS.

598 2865 683 2896 (¹011.
700 2866 790 2897 Trin.
811 2866 852 2897 R.
871 2869 902 2906 5,
920 2868 972 2905 10,
990 2865 1055 2896 and
1073 2865 1204 2896 Cotton.
1222 2864 1314 2895 Nero
1330 2863 1375 2895 D.
1394 2862 1430 2894 ii.
