2038 3306
330 422 450 451 Edward
470 422 527 450 111.

346 456 381 481 A.
393 456 426 480 D.
442 456 517 483 1³41.

330 511 390 536 The
402 511 492 536 Arch-

330 544 430 575 bishop
442 544 473 569 of

329 576 528 608 canterbury's

330 611 412 635 letter
424 613 453 636 to
465 610 513 637 the

331 644 419 676 King.

544 302 632 344 364
1031 313 1308 345 canonicor<

544 416 661 456 enim
677 415 793 457 libro
803 415 1132 469 Regum‚quod
1149 416 1382 467 Salomon,
1393 430 1550 470 regum
1565 418 1804 472 sapientis-

545 483 701 531 simus,
719 482 919 523 seniores
939 482 1333 536 sapientioresque
1357 489 1490 524 terrae
1506 497 1602 525 suae
1624 484 1805 532 ascivit,

545 548 737 601 provido
757 560 950 601 quorum
973 548 1164 589 consilio
1195 561 1421 601 sensuque
1448 550 1631 602 proprio
1662 554 1801 591 totam

546 620 711 655 terram
728 613 875 654 Israel
895 614 941 654 in
960 626 1073 666 pace
1089 613 1286 655 obtinuit
1307 619 1352 655 et
1371 614 1538 667 quiete,
1555 627 1803 668 omnesque

546 693 678 732 reges
706 679 792 721 sibi
822 680 1128 721 conterminos
1149 679 1376 721 voluntati
1414 693 1509 721 suae
1541 680 1805 722 tributarios

546 746 708 788 habuit
741 750 788 786 et
819 745 1066 799 subjectos.
1138 745 1227 787 Illo
1263 751 1416 787 autem
1436 746 1555 787 viam
1581 746 1805 788 universae

547 811 696 853 carnis
743 812 964 864 ingresso,
1008 811 1218 864 regnavit
1250 811 1370 852 filius
1417 824 1528 853 suus
1575 811 1804 862 Roboam,

547 878 625 931 qui
668 877 975 931 praetermisso
1019 878 1247 919 seniorum
1291 878 1370 931 qui
1417 890 1519 918 cum
1565 883 1696 931 patre
1738 878 1808 919 fu-

548 950 679 985 erant
712 943 916 992 consilio,
941 943 1191 997 juvenibus
1222 944 1309 984 sibi
1340 944 1522 997 placere
1549 943 1805 985 volentibus

547 1010 757 1059 adhaesit,
801 1009 917 1050 unde
948 1000 1012 1050 ¹et
1054 1015 1220 1050 terram
1271 1009 1432 1059 Israel,
1482 1014 1647 1063 praeter
1694 1010 1804 1051 duo-

547 1076 769 1133 decimam
811 1079 1000 1128 partem‚
1053 1075 1141 1116 sibi
1191 1088 1218 1116 a
1265 1076 1462 1117 Domino
1507 1081 1803 1126 reservatam,

487 1168 490 1170 -
539 1142 667 1195 juste
702 1141 869 1182 amisit.
941 1140 1172 1194 Multique
1216 1154 1347 1194 reges
1381 1141 1542 1191 Israel,
1581 1134 1803 1182 terrarum

545 1207 731 1260 insuper
761 1206 969 1254 aliarum,
991 1206 1111 1247 malo
1142 1206 1267 1247 ducti
1297 1206 1501 1256 consilio,
1523 1206 1580 1247 ad
1612 1220 1803 1260 magnas

545 1273 723 1325 inopias
759 1271 997 1313 devenere.
1068 1271 1128 1313 Et
1163 1285 1218 1312 ne
1256 1273 1402 1322 vobis,
1426 1273 1621 1322 domine,
1645 1273 1803 1326 displi-

546 1344 662 1388 ceat,
677 1338 875 1379 recolitis
890 1338 1071 1391 quidem
1091 1338 1212 1391 quod
1234 1351 1315 1391 per
1337 1339 1541 1392 iniquum
1565 1338 1803 1380 consilium

547 1404 716 1445 dudum
750 1403 921 1444 domini
959 1404 1103 1444 nostri
1141 1404 1264 1457 regis
1298 1405 1441 1458 patris
1477 1406 1631 1454 vestri,
1670 1418 1804 1458 quem

549 1471 677 1511 Deus
718 1470 956 1511 absolvere
1007 1470 1235 1522 dignetur,
1275 1476 1436 1512 contra
1492 1471 1619 1524 leges
1671 1476 1807 1512 terrae

549 1537 863 1589 Magnamque
911 1535 1115 1585 Cartam‚
1168 1537 1364 1591 majores
1409 1542 1542 1578 terrae
1600 1537 1806 1589 aliosque

549 1603 686 1655 cepit,
709 1602 844 1642 morti
865 1601 1161 1655 adjudicavit,
1183 1603 1303 1643 bona
1333 1603 1537 1656 diripuit,
1559 1603 1803 1644 nonnullos

549 1667 934 1721 redemptionibus
987 1668 1269 1719 gravissimis
1320 1669 1539 1709 vexavit':
1606 1674 1652 1709 et
1694 1668 1805 1721 quid

547 1734 627 1774 illa
667 1733 722 1774 de
765 1746 904 1774 causa
953 1733 1184 1784 acciderit,
1226 1735 1355 1775 vobis
1393 1734 1681 1775 manifestum
1722 1739 1806 1776 est.

550 1799 664 1841 Post
700 1798 799 1853 ejus
836 1803 1016 1852 tempus
1052 1811 1133 1852 per
1165 1800 1449 1841 consiliarios
1484 1800 1614 1841 vobis
1652 1800 1806 1842 adhae-

550 1870 702 1906 rentes
723 1865 816 1906 fere
843 1865 980 1905 corda
999 1865 1157 1918 populi
1181 1870 1313 1907 terrae
1330 1870 1496 1907 vestrae
1517 1866 1753 1916 amisistis,
1776 1879 1804 1908 a

549 1932 729 1984 quibus,
743 1936 794 1972 ut
814 1930 900 1971 sibi
920 1931 1109 1983 placuit,
1125 1943 1209 1972 vos
1225 1932 1391 1985 eripuit
1411 1931 1441 1973 J
1446 1943 1549 1973 esus
1565 1931 1801 1974 Christus:

548 2001 653 2050 post
692 1996 790 2038 haec
829 2001 982 2037 autem
1025 2009 1106 2050 per
1144 1998 1310 2038 bonam
1355 1997 1805 2051 circumspectionem

549 2063 960 2115 discretionemque
1021 2063 1331 2115 praelatorum,
1400 2070 1684 2116 magnatum,
1751 2077 1805 2106 ac

550 2135 683 2170 terrae
726 2129 1000 2182 sapientum,
1047 2130 1232 2182 negotia
1272 2134 1427 2171 vestra
1488 2129 1641 2170 taliter
1696 2136 1804 2172 sunt

549 2195 761 2245 deducta,
777 2199 828 2236 ut
848 2195 1026 2247 integre
1049 2195 1186 2236 corda
1209 2196 1367 2249 populi
1387 2196 1526 2237 vestri
1545 2195 1804 2249 possidetis,

549 2266 594 2302 et
633 2261 700 2302 ita
733 2261 886 2302 clerici
922 2261 1041 2301 sicut
1085 2267 1131 2302 et
1173 2260 1278 2302 laici
1313 2262 1459 2315 magis
1494 2274 1630 2314 quam
1665 2262 1802 2303 alicui

548 2327 887 2380 progenitorum
915 2331 1170 2368 vestrorum
1196 2340 1359 2368 manus
1389 2333 1694 2382 porrexerunt
1723 2329 1804 2370 ad-

541 2393 766 2447 jutrices:
804 2393 961 2445 sicque
997 2405 1110 2434 sano
1148 2393 1376 2434 mediante
1408 2393 1612 2443 consilio,
1647 2394 1805 2447 populi

547 2460 689 2499 vestri
738 2459 976 2511 suffragio,
1016 2459 1167 2511 gratia
1219 2472 1396 2500 necnon
1454 2459 1582 2501 vobis
1636 2472 1665 2500 a
1701 2460 1804 2501 Deo

547 2525 717 2566 collata
758 2524 814 2565 de
857 2524 1051 2565 inimicis
1096 2525 1261 2566 vestris
1303 2524 1470 2566 Scotiae
1511 2529 1557 2565 et
1597 2525 1803 2566 Franciae

547 2590 745 2643 gloriose
766 2589 1099 2643 triumphastis,
1121 2591 1241 2631 inter
1263 2590 1550 2632 Christianos
1574 2590 1803 2644 principes

546 2656 740 2698 nobilior
778 2656 980 2709 reputati
1029 2657 1154 2697 estis.
1244 2656 1332 2697 Sed
1377 2657 1803 2710 impraesentiarum,

546 2735 627 2774 per
652 2722 859 2775 iniquum
890 2722 1173 2775 quorundam
1209 2727 1342 2763 terrae
1363 2727 1526 2763 vestrae
1563 2722 1803 2763 consilium

547 2787 624 2839 qui
659 2787 943 2829 commodum
972 2789 1207 2841 proprium
1243 2788 1339 2829 sive
1372 2788 1618 2830 utilitatem
1656 2789 1805 2841 magis
