2038 3306
448 315 674 346 WALTEM
712 315 773 344 DE
803 315 1180 347 HEMINGBURGH.
1356 305 1444 346 329

179 422 457 469 tumcunque
500 428 582 469 per
629 416 777 469 ipsum
823 416 1114 458 Ludovicum
1165 417 1441 470 promeritis,

182 487 229 523 et
258 482 305 522 in
341 494 445 522 eum
471 481 602 535 justo
637 482 840 523 ecclesiae
862 482 1038 536 judicio
1063 483 1383 536 promulgatis,
1404 483 1444 523 si

184 560 289 588 vere
325 547 555 600 poenitens
601 560 651 588 se
695 547 980 590 humiliasset
1019 549 1075 589 ad
1120 548 1318 601 gratiam
1363 548 1443 589 be-

181 613 388 665 nignam,
409 613 652 665 reperisset
669 614 859 654 eandem
881 614 1137 663 ecclesiam,
1157 626 1261 667 quae
1276 613 1443 666 ipsum,

182 683 405 731 tanquam
438 678 577 718 filium
611 679 852 732 prodigum
885 678 942 720 de
971 679 1220 732 longinquo
1254 679 1445 720 redeun-

183 749 290 789 tem,
309 743 365 783 ad
391 756 524 784 suum
538 744 760 796 gremium
779 744 950 797 apertis
967 744 1164 785 brachiis
1183 745 1446 797 recepisset,

184 808 476 849 immolatura
518 822 602 862 pro
647 822 718 858 eo,
750 810 798 850 in
830 810 1040 855 ubertate
1075 809 1244 850 divinae
1281 809 1447 860 laudis,

184 874 379 914 vitulum
401 874 677 926 saginatum.
748 874 930 915 Rursus
963 874 1214 928 adjecimus
1234 875 1280 915 in
1301 874 1446 916 literis

183 939 475 991 supradictis,
489 938 627 991 quod,
650 941 662 960 ‘
676 951 942 992 quanquam
964 938 1105 980 tam'l
1122 939 1448 992 praedictorum

186 1016 457 1044 excessuum
509 1016 646 1056 quam
700 1004 946 1045 eorundem
1002 1017 1317 1057 processuum,
1367 1018 1450 1057 per

1463 430 1582 456 Edward
1603 431 1661 457 111.

1479 464 1513 489 A.
1525 464 1560 488 D.
1576 465 1652 490 13³9.

1464 518 1528 543 Bull
1541 519 1572 543 of
1589 519 1662 551 Pope

1465 551 1601 576 Benedict

1463 584 1535 609 XII.

185 1069 357 1110 dictum
379 1069 760 1121 praedecessorem
777 1075 939 1111 contra
958 1069 1131 1111 dictum
1148 1069 1450 1119 Ludovicum,
1512 1119 1515 1123 ,

186 1135 400 1187 exigente
425 1134 622 1188 justitia,
646 1135 938 1188 postmodum
959 1135 1219 1176 habitorum
1242 1135 1450 1176 notitiam

191 1199 509 1240 habuissemus
532 1204 579 1240 et
601 1200 738 1240 etiam
766 1200 1012 1252 habemus3
1044 1205 1096 1241 ut
1115 1206 1268 1251 tamen
1287 1201 1452 1253 ipsum,

190 1278 217 1305 a
260 1270 551 1318 peccatorum
598 1266 795 1306 nexibus
842 1266 1104 1316 liberatum,
1146 1266 1203 1307 de
1245 1266 1452 1307 faucibus

188 1331 476 1383 sempiternae
510 1330 667 1371 mortis
699 1343 938 1384 possemus
979 1332 1171 1384 eripere,
1209 1338 1451 1385 postquam

189 1395 356 1436 suimus
391 1396 448 1436 ad
485 1395 772 1448 apostolatus
804 1397 969 1437 summi
1002 1397 1177 1450 apicem
1214 1397 1452 1450 assumpti,

190 1461 397 1502 diversos
426 1461 617 1501 nuncios
645 1461 761 1515 ejus,
784 1461 974 1502 diversis
999 1462 1175 1503 vicibus
1205 1466 1252 1503 et
1278 1467 1455 1515 tempo-

190 1527 314 1567 ribus
335 1527 393 1567 ad
414 1539 497 1567 nos
518 1527 696 1576 missos,
716 1539 1034 1580 receperamus
1058 1527 1268 1579 benigne,
1293 1540 1347 1568 ac
1369 1540 1452 1580 pro

191 1592 560 1632 reconciliatione
578 1591 736 1644 ipsius,
756 1605 837 1645 per
862 1592 1061 1633 fructum
1086 1605 1206 1633 verae
1226 1593 1455 1646 poeniten-

189 1657 265 1698 tiae
286 1656 600 1710 promerenda,
617 1657 956 1709 prolocutiones
974 1658 1126 1699 varias
1149 1657 1454 1698 habueramus

190 1735 293 1763 cum
315 1722 396 1772 eis,
413 1727 460 1763 et
482 1726 591 1763 tunc
612 1722 841 1775 pendebat
862 1723 1000 1763 etiam
1014 1723 1071 1763 ad
1091 1723 1455 1776 proloquendum

192 1788 400 1838 ulterius,
424 1787 629 1829 terminis
656 1788 919 1841 assignatiS,
940 1788 987 1828 in
1011 1801 1118 1841 quo,
1140 1788 1456 1842 proculdubio,

191 1867 272 1906 per
295 1867 378 1894 nos
400 1866 491 1894 non
512 1853 640 1894 stetit
669 1854 914 1906 quominus
937 1853 1130 1894 ulterius
1160 1854 1296 1895 fuerit
1319 1866 1458 1906 super

193 1919 378 1970 negotio
446 1918 830 1959 reconciliationis
893 1918 1098 1972 ejusdem
1175 1931 1455 1971 processum.

194 1984 366 2034 Quare,
390 1983 454 2024 fili
485 1983 796 2033 dilectissime,
816 1984 1109 2024 serenitatem
1146 1989 1273 2024 tuam
1304 1984 1456 2036 requi-

192 2050 378 2090 rendam
423 2054 531 2090 tunc
584 2048 801 2089 duximus
843 2061 926 2102 per
978 2049 1160 2089 easdem
1208 2048 1367 2089 literas
1409 2053 1455 2089 et

195 2115 461 2166 rogandam,
481 2118 533 2154 ut
554 2113 798 2166 prudenter
818 2114 1078 2163 advertens,
1100 2119 1145 2154 et
1169 2114 1214 2153 in
1239 2113 1455 2154 scrinium

194 2181 382 2221 internae
399 2179 776 2221 considerationis
803 2179 1048 2227 adducens,
1070 2179 1342 2231 gravitatem
1363 2191 1457 2231 poe-

194 2258 356 2286 narum
386 2246 431 2285 in
461 2256 577 2298 quas
607 2244 872 2294 inciderent,
900 2249 946 2285 et
977 2244 1308 2285 sententiarum
1340 2257 1456 2297 quas

195 2312 494 2359 incurrerent,
518 2310 792 2363 quantisque
814 2309 1030 2363 periculis
1056 2314 1103 2350 et
1123 2309 1457 2350 discriminibus

196 2377 555 2429 implicarentur,
580 2375 659 2427 qui
686 2374 881 2428 praefato
910 2374 1160 2424 Ludovico,
1184 2375 1250 2415 sic
1278 2375 1458 2415 notorie

197 2450 243 2482 et
269 2442 450 2494 publice
470 2441 527 2482 de
551 2441 779 2492 pravitate
803 2441 989 2481 haeresis
1014 2445 1060 2480 et
1089 2440 1156 2480 sic
1192 2439 1338 2480 odiosi
1371 2440 1458 2480 toti

198 2506 536 2548 christianitati
573 2505 832 2547 schismatis
869 2505 1188 2553 condemnato,
1211 2512 1457 2557 antequam

198 2573 580 2614 reconciliationis
601 2572 797 2624 gratiam
832 2571 1037 2623 ejusdem
1073 2569 1277 2611 ecclesiae
1308 2580 1456 2610 meru·-

195 2638 321 2686 isset,
347 2642 359 2659 ‘
379 2636 700 2690 participat-ew
722 2641 1066 2689 praesumerent,
1088 2635 1266 2688 sibique
1287 2636 1457 2687 impen-

248 2734 256 2751 ¹
281 2737 487 2775 ‘tanquam‚’
508 2736 582 2767 Ms.
606 2735 696 2766 Coit.
716 2735 807 2765 Nero
892 2731 904 2749 ²
925 2734 935 2750 ‘
954 2731 1196 2772 praecipitare,'
1248 2731 1322 2762 MS.
1369 2730 1457 2762 Cott.

195 2782 238 2812 D.
257 2782 293 2812 ii.
847 2779 938 2810 Nero
954 2778 999 2809 D.
1017 2778 1052 2810 ii.
