2038 3306
537 282 625 325 378
1022 266 1298 322 canonicos

323 410 444 436 navam
464 410 522 436 111.
540 394 779 437 veniendo.
872 392 1183 446 Quamplures
1245 392 1537 435 nihilominus
1591 392 1797 446 praemis-

334 443 504 488 A'D'-¹³⁴¹'
540 473 694 503 sorum
722 463 886 501 contra
906 458 1055 500 dictas
1079 462 1249 507 cartas,
1277 458 1528 508 libertates,
1555 463 1601 499 et
1631 458 1798 499 liberas

324 499 522 558 {ssssssss'ffuffi-
540 525 894 568 consuetudines
944 525 992 565 in
1041 524 1180 565 cartis
1235 523 1496 577 hujusmodi
1554 536 1798 564 concessas

325 566 418 590 cation

325 598 502 657 3222thss
540 592 695 633 venire
743 596 912 632 temere
947 589 1046 643 jam
1083 594 1323 638 conantur,
1359 593 1405 630 et
1439 601 1518 630 eas
1551 588 1798 641 infringere

324 664 506 722 ffiffi’e‘floe
541 657 694 711 plures
714 661 823 697 sunt
842 655 1004 696 moliti.
1058 653 1176 704 Nos,
1193 654 1396 707 ipsorum
1417 666 1555 695 ausus
1576 654 1798 695 nefandos

326 730 447 756 chureh-
543 722 788 776 reprimere
820 721 1054 775 cupientes
1095 732 1150 761 ac
1183 719 1383 761 velatam
1415 719 1723 772 ignorantiam
1752 723 1800 760 et

543 792 776 841 captatam
798 787 974 839 fugare,
993 786 1050 827 ad
1072 785 1272 827 omnium
1290 785 1499 827 notitiam
1523 785 1800 826 deducentes

542 854 791 907 praemissa,
815 864 1053 894 monemus
1076 851 1123 891 in
1148 864 1312 904 genere
1341 863 1498 892 omnes
1525 855 1572 892 et
1594 850 1800 902 singulos

543 920 621 972 qui
656 922 817 960 contra
850 917 1089 971 praemissa
1120 917 1311 958 fecerint
1343 916 1391 957 in
1429 916 1584 969 aliquo
1616 916 1801 969 quovis-

543 984 694 1034 modo,
709 989 789 1025 aut
806 988 966 1025 contra
981 983 1128 1024 dictas
1144 988 1313 1032 cartas,
1329 981 1402 1023 vel
1421 995 1578 1022 earum
1591 981 1797 1030 alteram,

543 1054 720 1091 statuta
772 1048 994 1090 ediderint
1041 1048 1115 1088 vel
1171 1048 1295 1089 edita
1347 1048 1649 1097 servaverint,
1691 1059 1798 1087 con-

543 1115 808 1156 suetudines
848 1113 1188 1155 introduxerint
1225 1113 1299 1154 vel
1337 1113 1622 1154 servaverint
1659 1112 1801 1153 intro-

544 1181 722 1230 ductas,
747 1180 993 1233 scriptores
1014 1179 1150 1219 etiam
1179 1182 1456 1220 statutorum
1488 1190 1663 1218 necnon
1694 1190 1800 1218 con-

545 1246 740 1287 siliarios
794 1250 840 1286 et
890 1249 1177 1293 executores,
1217 1248 1264 1285 et
1317 1243 1396 1296 qui
1443 1242 1691 1284 secundum
1745 1255 1800 1285 ea

544 1309 920 1365 praesumpserint
932 1309 1157 1364 judicare,
1175 1309 1299 1363 quod
1316 1309 1467 1350 debite
1490 1321 1539 1349 se
1554 1309 1800 1361 corrigant,

546 1382 592 1419 et
636 1376 969 1418 ordinariorum
1012 1375 1201 1416 arbitrio
1241 1375 1375 1428 plene
1417 1374 1703 1416 satisfaciant
1744 1374 1802 1415 de

545 1443 797 1484 commissis
847 1442 967 1482 intra
1032 1440 1290 1494 quindecim
1355 1441 1452 1482 dies
1511 1453 1540 1481 a
1593 1445 1799 1494 tempore

545 1508 808 1550 monitionis
849 1512 1019 1549 nostrae
1055 1507 1269 1548 continue
1310 1506 1642 1557 numerandos;
1686 1518 1802 1560 quos

545 1587 636 1615 non
667 1578 893 1627 parenteS,
914 1578 1085 1614 extunc
1119 1572 1167 1613 in
1193 1572 1362 1613 dictam
1398 1572 1587 1626 majoris
1616 1585 1800 1613 excom-

544 1638 862 1681 municationis
883 1639 1174 1686 sententiam,
1192 1651 1273 1691 per
1293 1638 1609 1679 Innocentium
1632 1650 1799 1691 papam

544 1709 758 1758 quartum
807 1717 867 1746 ex
917 1708 1044 1745 certa
1096 1703 1290 1744 scientia
1341 1703 1673 1753 confirmatam,
1721 1704 1800 1745 de-

544 1771 812 1811 nunciamus
836 1769 1017 1822 publice
1038 1774 1084 1810 et
1105 1768 1370 1810 solemniter
1389 1769 1617 1810 incidisse.
1683 1769 1801 1810 Item

543 1849 699 1877 omnes
745 1840 791 1877 et
835 1834 1042 1887 singulos
1082 1834 1161 1887 qui
1204 1834 1260 1875 de
1302 1835 1527 1884 domibus,
1572 1836 1803 1885 maneriis,

542 1901 763 1954 grangiis,
798 1904 880 1942 aut
914 1900 1026 1941 locis
1050 1899 1168 1947 aliis,
1193 1899 1253 1940 ad
1286 1899 1671 1953 archiepiscopos,
1710 1902 1802 1954 epi-

543 1979 724 2019 scopos,
766 1966 840 2007 vel
893 1965 1010 2006 alias
1057 1977 1280 2018 personas
1323 1965 1658 2007 ecclesiasticas
1696 1979 1801 2019 per-

543 2033 808 2081 tinentibus,
830 2030 1074 2084 quicquam
1095 2035 1263 2084 praeter
1284 2031 1570 2073 voluntatem
1596 2032 1802 2073 domino-

544 2111 644 2138 rum
696 2097 771 2138 vel
823 2109 979 2138 eorum
1028 2096 1107 2149 qui
1160 2101 1269 2137 sunt
1334 2096 1596 2151 hujusmodi
1647 2110 1799 2139 rerum

544 2163 756 2204 custodes
791 2162 1000 2215 deputati
1029 2161 1309 2213 abstrahere,
1330 2175 1511 2216 capere,
1534 2175 1800 2205 consumere

544 2229 618 2271 vel
661 2234 946 2270 contrectare
984 2228 1375 2282 praesumpserint,
1417 2228 1536 2282 capi,
1579 2229 1802 2279 consumi,

544 2307 622 2335 seu
663 2294 938 2336 contrectari
972 2293 1176 2343 fecerint,
1199 2294 1274 2335 vel
1302 2293 1564 2347 hujusmodi
1594 2296 1801 2337 abstrac-

546 2360 732 2410 tionem,
757 2360 1031 2413 captionem,
1062 2359 1471 2412 consumptionem,
1506 2373 1590 2401 suo
1619 2362 1803 2402 nomine

544 2426 619 2466 vel
646 2439 670 2466 a
704 2425 1002 2466 familiaribus
1030 2424 1126 2466 suis
1153 2424 1339 2474 factam,
1369 2430 1517 2466 ratam
1544 2426 1801 2476 habuerint,

545 2491 868 2532 ecclesiasticae
897 2490 1123 2532 libertatis
1157 2495 1204 2531 et
1231 2491 1532 2532 immunitatis
1553 2492 1801 2533 violatores

545 2557 761 2607 existere,
795 2561 841 2598 et
874 2556 1358 2598 excommunicationis
1395 2556 1584 2611 maj0ris
1619 2563 1802 2599 senten-

545 2623 656 2663 tiam
703 2627 863 2664 contra
903 2622 1154 2664 violatores
1193 2621 1458 2663 libertatum
1500 2622 1705 2665 ecclesiae
1751 2624 1798 2664 in

546 2687 751 2730 Concilio
785 2688 1038 2730 Oxoniensi
1081 2688 1240 2738 latam,
1275 2689 1376 2741 ipso
1411 2687 1535 2729 facto
1571 2688 1802 2730 incurrere

545 2753 869 2795 denunciamus
931 2754 1113 2807 publice
1182 2759 1229 2795 et
1293 2754 1556 2795 solemniter
1616 2755 1661 2795 in
1713 2754 1800 2795 hiis
