2004 3272
339 494 455 519 κόπω-ἀ
479 495 500 520 1.

338 528 371 552 A.
385 528 418 552 D.
436 527 508 552 1274.

322 691 441 716 General

323 725 432 749 council
445 726 475 749 at

323 758 423 789 Lyons.

535 305 563 343 2
1022 310 1298 341 GHRONICON

578 497 643 539 De
677 496 857 539 Concilio
891 495 1160 603 Luytbwzonsi
1191 509 1273 551 per
1286 495 1470 583 lPapam
1510 494 1752 550 Greyorium

1014 564 1027 583 ‘
1117 561 1276 603 imwn!

616 676 789 718 Eodem
849 689 989 726 anno,
1057 674 1234 716 scilicet
1289 684 1578 716 M.chxxlv.
1638 685 1793 714 mense

537 742 684 792 Maio,
705 742 985 784 celebratum
1017 746 1089 783 est
1122 738 1392 782 concilium2
1414 738 1630 793 generale
1666 738 1794 791 Lug-

536 809 662 858 duni,
690 808 961 862 praesidente
989 819 1112 862 papa
1139 805 1367 860 Gregorio
1391 806 1474 855 X.‚
1495 806 1543 846 in
1570 817 1662 859 quo
1690 816 1795 858 spe-

537 875 715 915 cialiter
744 874 960 928 exposuit
992 885 1115 928 papa
1144 872 1378 926 negotium
1401 872 1559 913 Terrae
1595 870 1794 920 Sanctae,

538 941 615 982 ubi
655 940 834 993 quidem
871 940 1086 981 Salvator
1126 939 1327 980 omnium
1371 942 1589 990 operatus
1634 941 1706 977 est
1748 936 1795 976 in

538 1006 685 1047 medio
719 1006 844 1047 illius
882 1013 1015 1047 terrae
1046 1004 1258 1054 salutem,
1281 1003 1359 1045 ubi
1390 1003 1587 1057 sumpsit
1619 1007 1793 1055 tempo-

536 1072 645 1112 ralis
692 1071 948 1113 nativitatis
990 1070 1168 1111 initium
1211 1075 1257 1112 et
1298 1069 1512 1110 humanae
1549 1079 1793 1110 conversa-

535 1136 671 1178 tionis
706 1136 898 1178 deduxit
934 1141 1156 1190 tempora,
1191 1135 1268 1176 ubi
1302 1135 1534 1189 probrosae
1570 1132 1795 1187 passionis

534 1201 754 1243 sustinuit
772 1201 1082 1256 opprobrium,
1104 1205 1150 1242 et
1170 1200 1355 1242 tandem
1377 1213 1460 1253 pro
1483 1199 1796 1252 redemptione

535 1270 693 1308 nostra
713 1272 906 1308 mortem
925 1266 1108 1319 quidem
1137 1265 1279 1308 subiit
1301 1264 1612 1318 temporalem,
1639 1269 1692 1305 ut
1712 1264 1796 1313 sic,

534 1331 606 1372 sui
637 1332 826 1385 pretiosi
852 1332 1069 1373 effusione
1090 1331 1281 1381 cruoris,
1298 1336 1433 1372 vetus
1455 1330 1687 1384 piaculum
1714 1341 1797 1371 ex-

533 1397 707 1450 piaret:
742 1396 1014 1452 adjecitque,
1050 1396 1335 1450 “Numquid
1371 1396 1514 1449 igitur
1556 1409 1648 1437 non
1686 1407 1796 1437 con-

534 1463 715 1516 tingent
743 1463 1081 1517 redemptorum
1107 1463 1248 1504 corda
1278 1462 1500 1503 immensa
1522 1466 1569 1503 et
1588 1462 1797 1503 innume-

534 1529 698 1570 rabilia
733 1529 953 1570 beneficia
974 1528 1314 1582 Redemptoris,
1336 1527 1556 1581 numquid
1592 1540 1684 1569 non
1719 1540 1797 1569 ac-

535 1594 730 1636 cendent
760 1594 985 1648 cujusque
1013 1594 1267 1647 praecordia
1303 1593 1458 1635 claves
1493 1598 1541 1634 et
1576 1593 1797 1646 stigmata

536 1660 680 1701 nostri
703 1659 975 1710 Salvatoris,
1005 1664 1056 1701 ut
1082 1660 1170 1713 ipsi
1193 1672 1278 1713 pro
1310 1664 1382 1700 tot
1413 1654 1516 1712 qua'e
1550 1659 1680 1700 nobis
1713 1659 1795 1700 tri·

536 1725 636 1766 buit
659 1725 744 1766 hoc
775 1725 940 1767 saltem
969 1725 1257 1767 necessitatis
1286 1730 1489 1778 ternpore
1523 1724 1697 1778 aliquid
1726 1737 1797 1765 re-

536 1791 803 1843 pendamus,
817 1791 923 1832 dum
945 1792 1093 1833 crucis
1111 1791 1266 1832 hostes
1286 1790 1554 1832 crucifixum
1576 1790 1797 1832 habentes

536 1857 753 1906 ostentui,
790 1857 989 1898 cultores
1030 1856 1174 1910 ipsius
1214 1856 1463 1898 Christiani
1498 1856 1709 1906 nominis,
1745 1861 1798 1899 ut

537 1920 709 1963 Christi
743 1922 917 1964 cultum
952 1922 1008 1964 de
1038 1928 1161 1964 terra
1182 1922 1379 1972 deleant,
1410 1922 1692 1964 incessanter
1713 1934 1796 1964 ex-

538 1988 781 2029 terminant
815 1994 862 2030 et
891 1989 1181 2039 conculcant,
1206 1989 1332 2042 ipsos
1362 1988 1656 2030 debilitantes
1685 1988 1796 2030 viri-

536 2053 636 2102 bus,
660 2059 964 2096 extenuantes
991 2058 1003 2076 ‘
1021 2054 1243 2108 opibus,'³
1281 2059 1326 2096 et
1355 2054 1547 2095 diversis
1586 2059 1633 2095 et
1655 2053 1795 2096 variis

534 2119 876 2160 confusionibus
913 2121 1206 2162 saturantes?
1267 2118 1343 2161 Ad
1374 2119 1671 2162 vindicandas
1709 2120 1795 2161 ita-

533 2196 622 2237 que
644 2184 966 2239 Redemptoris
995 2186 1186 2240 injurias
1224 2198 1278 2227 ac
1310 2185 1573 2227 redimenda
1602 2186 1797 2238 ignomi-

533 2250 673 2291 niosae
722 2251 1079 2293 conculcationis
1124 2251 1384 2305 opprobria,
1435 2264 1519 2293 nos
1568 2252 1695 2305 ipsos
1719 2281 1722 2283 -
1747 2256 1795 2293 et

532 2321 689 2357 nostra
728 2316 945 2358 debemus
983 2330 1230 2371 exponere,
1274 2322 1321 2359 et
1366 2317 1517 2370 ipsum
1558 2317 1794 2370 negotium

578 2463 586 2482 ¹
612 2466 797 2507 ‘tercium,'
821 2467 921 2500 MSS.
940 2467 1026 2500 Con.
1048 2467 1143 2500 Arm.
1178 2466 1309 2498 clerks:
1346 2465 1403 2497 the
1440 2465 1554 2498 Greek
1591 2466 1658 2497 and
1695 2466 1795 2498 Latin

532 2512 597 2542 and
614 2511 704 2544 Cott.
718 2512 793 2545 Tib.
1178 2511 1342 2544 churches
1367 2522 1458 2544 were
1488 2513 1669 2553 re-united,
1694 2523 1795 2553 many

576 2557 588 2574 ²
610 2558 704 2598 This,
722 2558 777 2590 the
800 2557 987 2590 fourteenth
1009 2558 1144 2598 general
1178 2558 1272 2590 other
1293 2567 1416 2589 canons
1439 2558 1548 2598 made,
1571 2559 1637 2590 and
1666 2559 1797 2591 discus-

530 2604 673 2643 council,
687 2614 758 2635 was
781 2605 860 2636 held
882 2604 965 2636 from
981 2604 1144 2643 Monday,
1178 2605 1251 2635 sion
1274 2604 1352 2635 held
1381 2614 1422 2635 on
1452 2604 1508 2636 the
1539 2605 1652 2636 affairs
1675 2605 1715 2636 of
1738 2605 1795 2638 the

532 2649 614 2688 May
645 2653 677 2690 7,
713 2653 747 2681 to
775 2650 945 2691 Tuesday,
973 2650 1058 2690 July
1091 2652 1143 2682 17.
1181 2650 1271 2690 Holy
1292 2650 1482 2690 Land,and
1503 2651 1560 2682 the
1583 2651 1795 2684 reformation

532 2695 571 2726 In
599 2696 624 2726 it
647 2699 770 2735 twenty
798 2697 1029 2728 constitutions
1054 2706 1143 2727 were
1177 2697 1215 2728 of
1226 2706 1389 2728 manners.

532 2741 710 2780 published
726 2743 924 2783 concerning
932 2742 988 2773 the
1002 2742 1143 2774 election

531 2787 568 2818 of
587 2787 723 2827 bishops
744 2789 810 2819 and
832 2789 887 2820 the
911 2788 1097 2820 ordination
1111 2788 1148 2819 os
1224 2785 1237 2804 ³
1259 2787 1462 2828 ‘operibus,·
1476 2789 1552 2821 MS.
1569 2788 1695 2822 Lansd.
