2004 3272
466 328 695 359 WAL‘rEm
730 328 790 358 nn
823 328 1199 359 HEMlNGBURGH.
1400 318 1458 359 23

186 432 413 483 percussit
461 432 766 485 castigatione
821 433 1009 475 crudeli.
1094 432 1272 474 Civitas
1335 431 1455 472 enim
1489 443 1611 502 {⁶3³⁶
1624 444 1647 470 1.

190 496 512 548 Ptolomensis,
550 511 654 551 quae
693 504 739 540 et
777 498 902 541 Acra
933 499 1233 541 communiter
1271 497 1453 548 dicitur,
1470 478 1659 564 ca'tu'oe'ff'

187 562 302 615 proh
337 563 495 605 dolor!
528 564 689 606 incidit
723 565 770 605 in
803 578 967 607 manus
997 565 1150 619 gentis
1177 563 1383 618 prosanae
1405 568 1452 606 et
1467 545 1651 631 ggfaecggsthe

184 628 460 671 immundae:
493 631 791 683 spurcissima
825 644 939 684 gens
974 643 1076 672 eam
1111 629 1372 684 occupavit,
1402 635 1450 672 et
1607 622 1614 630 ’

184 694 363 735 abrasis
385 695 660 738 Christianae
695 697 929 750 religionis
966 697 1222 750 insignibus
1251 696 1447 737 immun-

184 759 384 802 dissimae
403 767 542 803 sectae
563 776 660 804 suae
675 763 931 815 sacrilegiis
953 762 1234 816 profanavit.
1290 761 1448 816 Hujus

185 831 338 867 autem
373 828 645 869 miserabilis
681 833 728 869 et
766 828 931 869 famosi
967 828 1228 869 exterminii
1261 839 1445 868 causam

183 891 325 933 fuisse
355 898 546 946 peccata
582 893 687 947 plus
717 893 854 934 solito
883 893 1172 942 inundantia,
1201 904 1336 933 nemo
1366 892 1444 934 de—

183 958 260 998 bet
283 959 543 1010 ambigere:
581 963 713 1000 erant
744 958 863 1000 enim
895 959 1043 1000 nostri
1073 958 1120 999 in
1142 957 1445 999 civitate-illa

182 1028 361 1074 sancta,
394 1037 503 1074 non,
534 1029 587 1066 ut
617 1025 742 1074 olim,
770 1025 856 1066 viri
882 1025 1032 1066 sancti
1065 1029 1112 1066 et
1147 1024 1351 1076 religiosi
1385 1037 1444 1065 ex

181 1089 305 1130 omni
339 1090 526 1132 natione
557 1103 661 1144 quae
697 1091 782 1132 sub
819 1090 938 1132 coelo
972 1096 1058 1140 est,
1097 1090 1176 1132 sed
1217 1102 1277 1131 ex
1319 1091 1443 1131 omni

181 1160 320 1208 gente
346 1155 610 1198 Christiana
629 1157 814 1207 famosi,
838 1157 1081 1207 luxuriosi,
1096 1156 1280 1206 ebriosi,
1301 1156 1442 1207 mimi,

180 1227 227 1262 et
248 1221 518 1271 histriones;
552 1223 637 1264 hoc
658 1235 791 1264 omne
817 1228 971 1277 genus’
984 1223 1031 1264 in
1059 1223 1292 1264 civitatem
1313 1222 1440 1263 illam

179 1292 384 1329 sanctam
414 1293 633 1342 tanquam
662 1290 710 1330 in
730 1290 954 1330 sentinam
979 1289 1209 1343 quandam
1230 1288 1438 1329 conflux-

178 1359 293 1403 erat,
338 1367 530 1409 eamque
558 1355 786 1397 obscoenis
826 1356 1030 1397 moribus
1072 1359 1120 1396 et
1157 1355 1337 1395 actibus
1370 1355 1439 1395 in-

179 1420 462 1472 quinabant:
494 1421 608 1462 istas
643 1434 754 1474 ergo
789 1421 1034 1475 praedictas
1073 1420 1299 1462 credimus
1339 1433 1439 1461 esse

177 1485 442 1527 offensionis
462 1499 626 1527 causas
653 1487 756 1537 Dei,
783 1487 1050 1541 perditionis
1073 1499 1183 1528 vero
1207 1487 1439 1540 sequentis

177 1552 348 1603 primos
386 1556 539 1594 motus
579 1565 680 1594 esse
713 1553 847 1594 tales.
918 1553 1052 1606 Papa
1078 1552 1260 1606 quidem
1297 1552 1439 1594 Nico-

176 1617 278 1658 laus
326 1617 416 1659 IV.
474 1619 709 1660 orientalis
772 1618 978 1660 ecclesiae
1040 1619 1187 1660 zelum
1247 1618 1437 1668 habens,

176 1695 260 1736 pro
293 1683 478 1726 Christo
513 1685 735 1727 crucifixo
768 1685 815 1726 in
858 1689 1158 1738 augmentum
1191 1683 1438 1725 Christiani

177 1751 408 1791 exercitus
436 1751 561 1793 misit
593 1752 714 1805 apud
744 1751 910 1793 Acram
934 1762 1015 1792 xv.
1038 1751 1183 1792 millia
1203 1749 1436 1791 hominum

174 1817 371 1870 propriis
389 1817 484 1858 suis
506 1818 750 1871 stipendiis
777 1817 1084 1866 militaturos;
1118 1817 1197 1871 qui
1218 1829 1321 1857 cum
1351 1816 1438 1857 ibi-

175 1882 280 1923 dem
315 1882 519 1924 facerent
554 1897 730 1926 moram
772 1883 1082 1938 prolixiorem,
1119 1883 1437 1924 deficientibus

175 1949 360 1990 tandem
375 1951 662 2000 necessariis,
679 1950 876 2003 contigit
894 1949 1076 1991 eosdem
1091 1949 1286 1990 multum
1304 1962 1439 2003 egere

175 2019 222 2056 et
248 2028 496 2069 pauperem
523 2017 690 2058 ducere
717 2017 878 2066 vitam,
909 2019 1248 2057 murmurantes
1278 2019 1440 2056 contra

175 2094 332 2122 eorum
367 2083 658 2136 praepositos,
693 2087 740 2124 et
769 2082 890 2136 jussi
924 2086 1033 2124 sunt
1072 2086 1154 2122 aut
1184 2081 1438 2134 repatriare

176 2147 248 2188 vel
270 2151 283 2169 ‘
300 2148 525 2189 sibimet’¹
547 2149 659 2202 ipsis
679 2149 726 2189 in
746 2148 1016 2189 necessariis
1036 2146 1301 2200 providere:
1343 2146 1438 2199 qui,

175 2214 521 2265 opportunitate
561 2219 766 2268 captata,
807 2213 1122 2267 spoliaverunt
1160 2215 1439 2253 mercatores

176 2278 508 2320 Saracenorum
544 2284 591 2320 et
621 2278 825 2329 Soldani,
845 2279 891 2319 in
914 2291 1028 2333 pace
1053 2283 1100 2320 et
1130 2282 1295 2331 treuga
1316 2290 1440 2319 com—

175 2345 302 2385 muni
334 2349 592 2386 mercantes
623 2345 808 2395 ibidem,
839 2345 1124 2387 trucidantes
1167 2344 1362 2397 aliquos,
1393 2348 1440 2385 et

174 2411 535 2453 contradictores
578 2424 638 2452 ex
682 2416 783 2453 toto
825 2411 1128 2465 perimentes;
1175 2409 1297 2464 quod
1333 2422 1437 2451 cum

174 2476 378 2519 Soldano
398 2482 519 2518 esset
542 2478 821 2527 nunciatum,
842 2477 995 2518 missis
1018 2477 1196 2518 nunciis
1219 2476 1275 2516 ad
1299 2475 1437 2516 Tem-

174 2543 347 2596 plarios
387 2548 434 2585 et
474 2543 799 2598 Hospitalares
831 2548 1114 2596 caeterosque
1148 2541 1437 2584 Christianos

173 2609 407 2662 praedictae
428 2609 555 2650 urbis
587 2610 719 2664 petiit
746 2610 792 2650 in
808 2609 895 2650 hoc
915 2609 1038 2650 facto
1060 2608 1148 2649 sibi
1171 2612 1218 2649 et
1233 2607 1328 2649 suis
1340 2608 1438 2662 jus-

172 2675 321 2716 titiam
361 2676 582 2726 exhiberi,
619 2681 924 2729 auctoresque
959 2675 1070 2716 facti
1103 2676 1277 2728 absque
1316 2674 1438 2715 omni

547 2823 554 2842 ¹
582 2827 591 2843 ‘
605 2826 732 2866 semet,'
749 2825 823 2856 MS.
841 2824 928 2856 Cott.
944 2824 1020 2856 Tib.
