2038 3306
535 329 622 370 412
1024 337 1302 368 οΗιιοΝιοοΝ

321 457 443 482 numam
464 458 518 483 111.
536 442 640 496 capi
685 446 731 482 et
777 439 992 481 arrestari
1035 443 1081 480 et
1119 438 1166 479 in
1207 439 1406 491 prisonis
1453 440 1620 481 nostris
1663 439 1795 480 salvo

337 490 508 516 numm.
537 506 756 549 custodiri
797 505 952 554 facias,
985 504 1129 546 donec
1171 504 1298 545 aliud
1334 504 1439 546 inde
1476 505 1795 559 praecepimus,

537 579 624 615 etc.
690 572 844 623 Teste,
866 570 985 612 etc.’'

540 721 731 770 Qualiter
748 722 876 776 Papa
895 719 1061 776 scripsit
1077 719 1194 776 Regi,
1216 719 1317 776 quia
1338 719 1528 762 Nwmios
1546 720 1606 762 ad
1623 720 1795 762 Curiam

1052 800 1132 828 non
1154 786 1283 828 misit.

321 931 403 957 41,-
420 932 498 956 1345.
602 900 814 943 Clemens
848 901 1105 955 episcopus,
1128 905 1234 950 etc„
1267 900 1501 941 carissimo
1533 900 1580 941 in
1611 899 1797 942 Christo

321 976 518 1007 Bussorl‘ope
536 966 628 1008 filio
686 966 915 1008 Edwardo
967 967 1065 1020 regi
1118 965 1317 1019 Angliae,
1361 970 1449 1007 etc.
1526 965 1795 1007 Serenitatis

320 1009 447 1034 Clement
461 1010 511 1034 VI.
1205 1033 1214 1041 .
1465 1032 1473 1040 .
1730 1032 1738 1040 .

321 1042 520 1073 touehingthe
536 1037 628 1074 tuae
682 1033 822 1086 regiae
874 1033 1051 1081 literas,
1109 1033 1240 1073 nob1s
1297 1045 1376 1085 per
1430 1032 1621 1073 dilectos
1675 1031 1795 1073 filios

320 1076 483 1134 ffiffifcg'm
539 1098 814 1139 Michaelem
869 1098 924 1139 de
975 1097 1021 1139 N
1025 1097 1279 1151 orthburgh
1327 1098 1596 1139 canonicum
1659 1097 1797 1139 Lich-

538 1163 800 1213 feldensem,
822 1169 870 1205 et
891 1163 1088 1204 nobilem
1110 1163 1257 1204 virum
1289 1162 1525 1215 Nigellum
1546 1163 1602 1203 de
1623 1162 1798 1216 Loring

538 1229 745 1279 militem,
782 1229 970 1270 nuncios
1010 1228 1178 1280 regios,
1218 1232 1533 1282 praesentatas,
1568 1241 1650 1282 per
1680 1241 1796 1281 quas

537 1295 656 1335 inter
691 1299 859 1336 caetera
899 1299 962 1344 te,
1002 1293 1068 1334 fili
1111 1293 1362 1343 carissime,
1396 1295 1653 1335 excusabas
1688 1294 1796 1347 quia

538 1360 729 1401 dilectos
764 1359 883 1401 filios
921 1359 1095 1400 nobiles
1133 1360 1256 1400 viros
1293 1359 1545 1400 Henricum
1577 1360 1634 1401 de
1672 1359 1795 1401 Lan—

538 1426 707 1466 castria
749 1425 962 1467 comitem
1007 1425 1182 1479 Derby,
1221 1430 1268 1466 et
1309 1425 1699 1467 Bartholomaeum
1739 1425 1797 1467 de

540 1491 823 1544 Burgharsh,
847 1495 982 1545 prout
1015 1491 1131 1532 alias
1157 1489 1428 1532 'ordinatum
1464 1492 1700 1541 extiterat,
1733 1491 1794 1533 ad

539 1563 741 1598 nostram
777 1557 1069 1611 praesentiam
1112 1569 1203 1598 non
1243 1557 1473 1606 mittebas,
1512 1557 1798 1610 benignitate

538 1624 790 1677 recepimus
825 1627 1072 1674 consueta3
1105 1627 1152 1664 et
1189 1622 1436 1663 intellectis
1479 1623 1657 1676 plenius
1693 1636 1796 1676 quae

539 1689 891 1730 continebantur
933 1690 979 1729 in
1017 1689 1096 1738 eis,
1132 1694 1179 1729 et
1221 1688 1329 1738 illis,
1362 1688 1654 1729 nihilominus
1690 1702 1794 1742 quae

538 1754 745 1807 praedicti
770 1754 938 1804 nuncii,
958 1754 1261 1807 praesentibus
1283 1754 1623 1795 venerabilibus
1654 1754 1795 1796 fratre

538 1824 696 1861 nostro
719 1819 951 1861 Willelmo
977 1819 1193 1873 episcopo
1231 1818 1532 1869 Norwicensi,
1554 1825 1600 1861 et
1627 1819 1794 1862 dilecto

540 1885 632 1925 filio
653 1885 872 1937 magistro
893 1885 923 1926 J
928 1885 1106 1926 ohanne
1133 1885 1189 1926 de
1210 1884 1367 1926 Offord
1397 1885 1570 1926 decano
1591 1885 1796 1927 ecclesiae

541 1949 885 1999 Lincolniensis,
906 1951 1036 1992 nobis
1067 1963 1204 2004 super
1236 1951 1387 1991 causis
1417 1964 1520 2004 quae
1554 1957 1600 1992 te
1631 1951 1687 1992 ad
1719 1951 1794 1993 de-

538 2016 789 2057 sistendum
817 2029 845 2057 a
874 2016 1088 2057 missione
1117 2016 1384 2057 nunciorum
1411 2017 1615 2070 ipsorum
1639 2031 1794 2059 move·

538 2082 661 2131 bant,
701 2095 760 2123 ex
795 2087 926 2135 parte
959 2087 1052 2123 tuae
1087 2081 1370 2123 celsitudinis
1400 2095 1628 2136 exponere
1662 2096 1794 2125 cura-

539 2152 719 2198 verunt,
755 2148 870 2189 satis
907 2148 963 2189 de
997 2147 1134 2202 hujus
1175 2148 1244 2189 tui
1284 2149 1537 2190 mutatione
1571 2150 1794 2203 propositi

538 2213 705 2254 fuimus
741 2214 970 2264 admirati,
998 2213 1336 2255 considerantes
1366 2227 1529 2255 causas
1562 2215 1686 2268 ipsas
1714 2228 1796 2268 per

538 2280 780 2332 praedictos
812 2280 1003 2321 nuncios
1044 2280 1296 2333 expositas,
1337 2293 1428 2322 non
1469 2281 1535 2321 sic
1578 2281 1792 2332 existere,

539 2345 577 2385 si
601 2345 646 2385 in
671 2346 789 2387 libra
805 2346 918 2387 recti
937 2345 1222 2387 deducantur
1236 2345 1414 2400 judicii,
1435 2345 1657 2395 efficaces,
1670 2347 1792 2400 quod

540 2411 728 2452 attentis
760 2411 847 2452 hiis
887 2425 1005 2465 quae,
1039 2416 1091 2453 ut
1129 2411 1298 2464 regalis
1339 2412 1468 2453 novit
1503 2412 1793 2464 excellentia,

541 2481 740 2518 tractata
771 2477 951 2519 fuerant
986 2490 1014 2518 a
1048 2477 1188 2531 priori
1222 2477 1441 2519 laudabili
1481 2479 1717 2531 proposito
1749 2484 1795 2520 te

539 2543 769 2583 retrahere
797 2543 1073 2584 debuissent.
1145 2542 1376 2591 Profecto,
1397 2543 1462 2584 fili
1486 2543 1793 2594 dilectissime,

540 2613 712 2659 quanto
749 2609 895 2659 nobis,
929 2610 1008 2663 qui
1045 2609 1165 2661 regis
1203 2608 1380 2662 pacifici
1417 2609 1538 2650 vices
1578 2609 1624 2649 in
1658 2611 1792 2651 terris

537 2672 644 2715 licet
696 2675 910 2716 immeriti
963 2675 1181 2728 gerimus,
1235 2676 1355 2716 inter
1400 2679 1588 2716 cunctos
1637 2675 1793 2716 fideles

537 2740 656 2780 omni
706 2744 910 2793 tempore
967 2740 1101 2781 debet
1147 2740 1345 2781 existere
1393 2753 1487 2794 pax
1536 2746 1793 2794 acceptata,

537 2809 663 2846 tanto
685 2819 709 2846 e
732 2806 960 2848 contrario
984 2806 1218 2848 'discordia
1247 2807 1365 2848 inter
1398 2806 1517 2858 illos,
1541 2808 1792 2860 praesertim
