2038 3306
567 312 654 354 402
1054 321 1331 353 ennomcou

355 437 477 496 Ess'ff‘}
481 436 551 495 31421·
569 426 855 480 collegiatas,
868 425 1093 476 abbatiaS,
1116 431 1162 467 et
1183 427 1428 479 prioratus,
1445 426 1649 480 aliasque
1669 425 1827 467 domos

354 488 415 551 ,rh'e
428 487 543 550 guom'.
570 493 824 546 religiosas,
878 491 1095 545 praelatos
1166 496 1212 532 et
1267 497 1466 533 rectores
1521 493 1653 534 dictis
1716 491 1828 532 locis

354 558 554 623 ξξξζζὲξίξξῑ
572 560 872 612 assignantes.
941 557 1099 598 Terrae
1122 570 1321 611 quoque,
1337 558 1664 610 possessiones,
1687 558 1829 610 patri-

357 623 512 651 P¹⁰V¹⁸⁰¹⁸·
572 625 740 674 monia,
765 624 1016 672 libertates,
1044 622 1382 673 advocationes,
1411 627 1697 676 patronatus,
1729 622 1830 675 dig-

574 691 759 740 nitates,
825 688 1100 742 praebendae,
1163 686 1325 738 officia,
1375 688 1595 737 ecclesiae,
1647 687 1828 741 aliaque

573 756 754 797 diversa
782 754 1016 804 beneficia,
1042 753 1100 795 ad
1127 753 1262 795 finem
1294 754 1422 794 illum
1459 759 1505 795 et
1530 753 1828 795 intentionem

572 821 663 863 illis
694 821 932 873 assignata
961 825 1068 862 sunt
1098 819 1227 869 locis,
1255 819 1375 873 quod
1411 831 1522 861 cura
1550 823 1597 860 et
1629 820 1831 871 regimen

574 887 799 928 dictorum
822 886 1146 927 beneficiorum
1170 884 1340 927 talibus
1369 884 1520 926 forent
1541 884 1727 934 collata,
1748 897 1831 938 per

575 965 691 1006 quos
711 953 948 994 servitium
961 952 1164 993 divinum
1181 951 1383 1004 fidesque
1402 951 1662 992 Christiana
1679 955 1832 992 essent

575 1018 814 1067 honorata,
858 1017 1092 1071 ampliata,
1131 1022 1178 1058 et
1220 1017 1450 1067 decorata,
1491 1016 1830 1070 hospitalitates

576 1090 622 1125 et
643 1083 927 1125 eleemosinae
948 1082 1099 1133 factae,
1121 1082 1312 1124 aedificia
1330 1082 1520 1124 honeste
1543 1086 1829 1132 conservata,

575 1162 732 1203 preces
753 1149 918 1190 devote
944 1162 1027 1202 pro
1059 1148 1378 1189 fundatoribus
1411 1148 1543 1197 fusae,
1565 1147 1830 1201 parochiani

575 1224 798 1268 pauperes
830 1214 1074 1255 confortati
1105 1219 1151 1255 et
1177 1213 1340 1267 adjuti,
1363 1217 1409 1255 et
1441 1214 1498 1254 ab
1525 1213 1616 1253 illis
1654 1213 1731 1266 qui
1751 1225 1829 1254 cu-

575 1293 672 1322 ram
697 1280 867 1329 habent
886 1280 933 1320 in
955 1279 1173 1321 idiomate
1197 1279 1382 1332 proprio
1402 1279 1449 1319 in
1469 1278 1829 1320 confessionibus

575 1350 621 1387 et
656 1345 758 1387 aliis
791 1345 924 1398 plene
959 1344 1171 1386 instructi
1208 1349 1254 1386 et
1293 1344 1538 1385 informati.
1610 1345 1670 1386 Et
1705 1345 1829 1398 quia,

575 1411 861 1452 sanctissime
905 1415 1052 1464 pater,
1093 1423 1298 1453 errorum
1341 1410 1551 1451 notitiam
1587 1416 1635 1452 et
1672 1423 1828 1464 perso·

575 1489 737 1518 narum
757 1476 962 1518 defectus
986 1475 1193 1529 partibus
1226 1475 1321 1518 tam
1349 1476 1550 1527 remotis,
1573 1476 1659 1517 nisi
1691 1476 1831 1518 infor·-

575 1543 687 1584 mati
706 1543 886 1596 plenius
905 1542 1081 1584 fueritis
1097 1547 1143 1584 et
1161 1542 1391 1592 instructi,
1412 1542 1647 1584 commode
1665 1542 1831 1584 habere

575 1622 667 1649 non
702 1608 923 1661 potestis3
971 1621 1070 1658 nOS,
1105 1608 1288 1662 plenam
1329 1613 1374 1649 et
1413 1612 1584 1649 certam
1620 1608 1832 1651 notitiam

576 1687 778 1715 errorum
788 1678 833 1715 et
841 1673 1098 1715 defectuum
1109 1674 1510 1727 conditionumque
1521 1686 1834 1728 personarum,

577 1739 888 1793 experimento
941 1739 1189 1792 perspicati
1243 1739 1543 1793 possidentes,
1598 1740 1834 1781 sanctitati

577 1810 744 1846 vestrae
787 1804 1099 1857 significamus
1141 1805 1262 1858 quod
1298 1810 1484 1859 propter
1525 1805 1730 1847 diversas
1766 1818 1833 1847 re-

578 1870 874 1919 servationes,
896 1870 1195 1923 provisiones,
1219 1875 1265 1912 et
1291 1871 1574 1920 collationes,
1602 1884 1684 1924 per
1717 1884 1835 1924 prae-

578 1935 841 1976 decessores
868 1940 1045 1977 vestros
1076 1948 1279 1976 summos
1309 1936 1564 1989 pontifices,
1589 1941 1834 1990 vestroque

580 2005 784 2054 tempore
805 2014 886 2054 per
908 2013 1002 2051 vos,
1028 2005 1160 2054 pater
1181 2001 1482 2052 sanctissime,
1502 2002 1678 2054 largius
1698 2003 1835 2044 solito

579 2066 741 2116 factas,
782 2071 876 2108 tam
918 2066 1111 2108 diversis
1156 2067 1363 2120 personis
1407 2068 1645 2109 nationum
1685 2068 1834 2110 diver-

580 2144 750 2182 sarum,
795 2133 1114 2186 aliquibusque
1160 2133 1354 2174 inimicis
1396 2133 1581 2183 nostris,
1623 2134 1834 2175 notitiam

579 2198 747 2250 linguae
767 2196 1037 2251 Anglicanae
1067 2211 1159 2239 non
1185 2198 1472 2249 habentibus,
1493 2211 1630 2252 quam
1649 2203 1663 2222 ‘
1680 2199 1781 2241 aliis
1796 2200 1806 2216 '
1822 2198 1836 2221 ¹

580 2263 953 2305 insufficientibus
1003 2268 1050 2305 et
1107 2263 1255 2304 minus
1304 2264 1496 2315 idoneis,
1537 2265 1742 2318 pericula
1791 2270 1836 2307 et

581 2329 868 2371 calamitates
910 2329 1077 2370 animae
1098 2335 1454 2382 consequuntur,
1489 2331 1746 2372 servitium*
1770 2331 1836 2372 di-

582 2395 738 2436 vinum
755 2394 1050 2445 annihilatur,
1065 2394 1349 2437 eleemosinae
1372 2396 1719 2447 subtrahuntur,
1734 2396 1836 2438 hos-

581 2460 832 2513 pitalitates
870 2465 1078 2514 pereunt,
1107 2461 1310 2502 ecclesiae
1347 2467 1392 2502 et
1427 2461 1621 2503 aedificia
1658 2462 1835 2504 ruinam

580 2526 827 2578 minantur,
861 2527 1037 2583 caritas·
1069 2526 1376 2579 restringitur,
1408 2539 1520 2568 cura
1555 2533 1600 2569 et
1635 2529 1837 2580 regimen

581 2592 838 2634 animarum
871 2592 1118 2641 evanescit,
1154 2591 1338 2634 devotio
1372 2592 1530 2645 populi
1570 2594 1838 2643 minoratur,

581 2656 786 2699 honestae
805 2657 936 2711 regni
958 2669 1166 2711 personae
1181 2662 1226 2699 et
1246 2657 1536 2708 sufficientes,
1553 2659 1838 2712 promotione

581 2735 784 2776 congrua
827 2728 1051 2773 carentes,
1087 2722 1269 2764 scholas
1312 2723 1592 2776 relinquunt,
1634 2724 1838 2766 thesauri

903 2823 911 2843 ¹
936 2825 1102 2865 Supplied
1117 2824 1200 2856 from
1217 2823 1293 2857 MS.
1310 2824 1409 2856 Harl.
1427 2827 1503 2856 655.
