<?xml version="1.0" encoding="UTF-8"?>
<!DOCTYPE html PUBLIC "-//W3C//DTD XHTML 1.0 Transitional//EN"
    "http://www.w3.org/TR/xhtml1/DTD/xhtml1-transitional.dtd">
<html xmlns="http://www.w3.org/1999/xhtml" xml:lang="en" lang="en">
 <head>
  <title>
</title>
<meta http-equiv="Content-Type" content="text/html;charset=utf-8" />
  <meta name='ocr-system' content='tesseract 3.04.00' />
  <meta name='ocr-capabilities' content='ocr_page ocr_carea ocr_par ocr_line ocrx_word'/>
</head>
<body>
  <div class='ocr_page' id='page_1' title='image "./chronicondominiw02hemiuoft/chronicondominiw02hemiuoft_0398.png"; bbox 0 0 2038 3306; ppageno 0'>
   <div class='ocr_carea' id='block_1_1' title="bbox 545 287 1313 331">
    <p class='ocr_par' dir='ltr' id='par_1_1' title="bbox 545 287 1313 331">
     <span class='ocr_line' id='line_1_1' title="bbox 545 287 1313 331; baseline 0 -1"><span class='ocrx_word' id='word_1_1' title='bbox 545 287 634 330; x_wconf 87' lang='grc'>384</span> <span class='ocrx_word' id='word_1_2' title='bbox 1034 298 1313 331; x_wconf 61' lang='lat' dir='ltr'>canonicor«</span> 
     </span>
    </p>
   </div>
   <div class='ocr_carea' id='block_1_2' title="bbox 328 401 1806 587">
    <p class='ocr_par' dir='ltr' id='par_1_2' title="bbox 328 401 1806 587">
     <span class='ocr_line' id='line_1_2' title="bbox 331 401 1805 472; baseline -0.005 -31"><span class='ocrx_word' id='word_1_3' title='bbox 331 414 451 472; x_wconf 52' lang='lat' dir='ltr'>iffiwgfa</span> <span class='ocrx_word' id='word_1_4' title='bbox 472 414 528 441; x_wconf 85' lang='lat'>111.</span> <span class='ocrx_word' id='word_1_5' title='bbox 547 401 670 456; x_wconf 85' lang='lat' dir='ltr'>quod</span> <span class='ocrx_word' id='word_1_6' title='bbox 695 401 921 443; x_wconf 91' lang='lat' dir='ltr'>dictorum</span> <span class='ocrx_word' id='word_1_7' title='bbox 952 401 1282 456; x_wconf 87' lang='lat' dir='ltr'>archiepiscopi</span> <span class='ocrx_word' id='word_1_8' title='bbox 1311 407 1359 444; x_wconf 91' lang='lat' dir='ltr'>et</span> <span class='ocrx_word' id='word_1_9' title='bbox 1388 401 1651 444; x_wconf 89' lang='lat' dir='ltr'>officialium</span> <span class='ocrx_word' id='word_1_10' title='bbox 1680 403 1805 444; x_wconf 92' lang='lat' dir='ltr'>inso-</span> 
     </span>
     <span class='ocr_line' id='line_1_3' title="bbox 329 449 1806 533; baseline -0.007 -21"><span class='ocrx_word' id='word_1_11' title='bbox 329 502 407 533; x_wconf 53' lang='lat'>31⁰3</span> <span class='ocrx_word' id='word_1_12' title='bbox 417 449 517 528; x_wconf 59' lang='lat'>3:³⁴¹</span> <span class='ocrx_word' id='word_1_13' title='bbox 546 467 734 509; x_wconf 86' lang='lat' dir='ltr'>lentiam</span> <span class='ocrx_word' id='word_1_14' title='bbox 777 467 907 520; x_wconf 84' lang='lat' dir='ltr'>regia</span> <span class='ocrx_word' id='word_1_15' title='bbox 943 467 1244 508; x_wconf 86' lang='lat' dir='ltr'>mansuetudo</span> <span class='ocrx_word' id='word_1_16' title='bbox 1275 472 1406 510; x_wconf 90' lang='lat' dir='ltr'>tanto</span> <span class='ocrx_word' id='word_1_17' title='bbox 1436 474 1640 522; x_wconf 87' lang='lat' dir='ltr'>tempore</span> <span class='ocrx_word' id='word_1_18' title='bbox 1671 468 1806 509; x_wconf 79' lang='lat' dir='ltr'>relin-</span> 
     </span>
     <span class='ocr_line' id='line_1_4' title="bbox 328 532 1804 587; baseline -0.003 -9"><span class='ocrx_word' id='word_1_19' title='bbox 328 534 428 560; x_wconf 56' lang='grc' dir='ltr'>*Μ’*</span> <span class='ocrx_word' id='word_1_20' title='bbox 444 535 529 561; x_wconf 69' lang='lat'>¹0‘²⁰¹</span> <span class='ocrx_word' id='word_1_21' title='bbox 545 546 684 587; x_wconf 92' lang='lat' dir='ltr'>quere</span> <span class='ocrx_word' id='word_1_22' title='bbox 710 532 854 574; x_wconf 86' lang='lat' dir='ltr'>voluit</span> <span class='ocrx_word' id='word_1_23' title='bbox 877 533 1194 581; x_wconf 85' lang='lat' dir='ltr'><strong>incorrectam,</strong></span> <span class='ocrx_word' id='word_1_24' title='bbox 1216 536 1322 573; x_wconf 90' lang='lat' dir='ltr'>sunt</span> <span class='ocrx_word' id='word_1_25' title='bbox 1353 533 1534 586; x_wconf 90' lang='lat' dir='ltr'>publice</span> <span class='ocrx_word' id='word_1_26' title='bbox 1560 533 1804 587; x_wconf 89' lang='lat' dir='ltr'>protestati</span> 
     </span>
    </p>
   </div>
   <div class='ocr_carea' id='block_1_3' title="bbox 326 568 1810 2609">
    <p class='ocr_par' dir='ltr' id='par_1_3' title="bbox 326 568 1810 2609">
     <span class='ocr_line' id='line_1_5' title="bbox 326 568 1803 652; baseline 0 -13"><span class='ocrx_word' id='word_1_27' title='bbox 326 568 529 627; x_wconf 51' lang='lat' dir='ltr'>ffiffissffiw</span> <span class='ocrx_word' id='word_1_28' title='bbox 545 598 684 652; x_wconf 90' lang='lat' dir='ltr'>quod,</span> <span class='ocrx_word' id='word_1_29' title='bbox 722 597 810 639; x_wconf 88' lang='lat' dir='ltr'>nisi</span> <span class='ocrx_word' id='word_1_30' title='bbox 844 610 984 651; x_wconf 91' lang='lat' dir='ltr'>super</span> <span class='ocrx_word' id='word_1_31' title='bbox 1013 597 1099 638; x_wconf 89' lang='lat' dir='ltr'>hiis</span> <span class='ocrx_word' id='word_1_32' title='bbox 1140 597 1392 639; x_wconf 84' lang='lat' dir='ltr'>faceremus</span> <span class='ocrx_word' id='word_1_33' title='bbox 1437 610 1688 651; x_wconf 86' lang='lat' dir='ltr'>congruum</span> <span class='ocrx_word' id='word_1_34' title='bbox 1731 612 1803 640; x_wconf 92' lang='lat' dir='ltr'>re-</span> 
     </span>
     <span class='ocr_line' id='line_1_6' title="bbox 545 662 1801 716; baseline 0 -12"><span class='ocrx_word' id='word_1_35' title='bbox 545 663 744 704; x_wconf 90' lang='lat' dir='ltr'>medium</span> <span class='ocrx_word' id='word_1_36' title='bbox 791 662 1001 704; x_wconf 79' lang='lat' dir='ltr'>celeriter</span> <span class='ocrx_word' id='word_1_37' title='bbox 1046 662 1269 712; x_wconf 86' lang='lat' dir='ltr'>adhiberi,</span> <span class='ocrx_word' id='word_1_38' title='bbox 1316 667 1551 716; x_wconf 85' lang='lat' dir='ltr'>oporteret</span> <span class='ocrx_word' id='word_1_39' title='bbox 1611 676 1691 704; x_wconf 89' lang='lat' dir='ltr'>eos</span> <span class='ocrx_word' id='word_1_40' title='bbox 1745 664 1801 705; x_wconf 93' lang='lat' dir='ltr'>de</span> 
     </span>
     <span class='ocr_line' id='line_1_7' title="bbox 546 728 1802 782; baseline 0 -12"><span class='ocrx_word' id='word_1_41' title='bbox 546 729 715 770; x_wconf 88' lang='lat' dir='ltr'>nostris</span> <span class='ocrx_word' id='word_1_42' title='bbox 748 728 982 782; x_wconf 88' lang='lat' dir='ltr'>obsequiis</span> <span class='ocrx_word' id='word_1_43' title='bbox 1012 741 1063 769; x_wconf 93' lang='lat' dir='ltr'>se</span> <span class='ocrx_word' id='word_1_44' title='bbox 1092 728 1377 778; x_wconf 85' lang='lat' dir='ltr'>subtrahere,</span> <span class='ocrx_word' id='word_1_45' title='bbox 1404 733 1451 769; x_wconf 92' lang='lat' dir='ltr'>et</span> <span class='ocrx_word' id='word_1_46' title='bbox 1484 728 1542 769; x_wconf 86' lang='lat' dir='ltr'>ab</span> <span class='ocrx_word' id='word_1_47' title='bbox 1569 728 1686 770; x_wconf 91' lang='lat' dir='ltr'>inito</span> <span class='ocrx_word' id='word_1_48' title='bbox 1714 728 1802 770; x_wconf 84' lang='lat' dir='ltr'>soe·</span> 
     </span>
     <span class='ocr_line' id='line_1_8' title="bbox 545 793 1803 847; baseline 0 -12"><span class='ocrx_word' id='word_1_49' title='bbox 545 793 652 836; x_wconf 87' lang='lat' dir='ltr'>dere</span> <span class='ocrx_word' id='word_1_50' title='bbox 673 793 880 844; x_wconf 88' lang='lat' dir='ltr'>retroire,</span> <span class='ocrx_word' id='word_1_51' title='bbox 905 798 952 836; x_wconf 89' lang='lat' dir='ltr'>et</span> <span class='ocrx_word' id='word_1_52' title='bbox 974 793 1060 835; x_wconf 92' lang='lat' dir='ltr'>hoc</span> <span class='ocrx_word' id='word_1_53' title='bbox 1085 793 1244 847; x_wconf 90' lang='lat' dir='ltr'>utique</span> <span class='ocrx_word' id='word_1_54' title='bbox 1267 794 1314 834; x_wconf 91' lang='lat' dir='ltr'>in</span> <span class='ocrx_word' id='word_1_55' title='bbox 1335 793 1463 845; x_wconf 87' lang='lat' dir='ltr'>regni</span> <span class='ocrx_word' id='word_1_56' title='bbox 1494 793 1640 835; x_wconf 88' lang='lat' dir='ltr'>nostri</span> <span class='ocrx_word' id='word_1_57' title='bbox 1663 797 1677 815; x_wconf 88' lang='lat'><em>‘</em></span> <span class='ocrx_word' id='word_1_58' title='bbox 1695 795 1803 835; x_wconf 88' lang='lat' dir='ltr'>sub-</span> 
     </span>
     <span class='ocr_line' id='line_1_9' title="bbox 544 857 1802 912; baseline -0.001 -11"><span class='ocrx_word' id='word_1_59' title='bbox 544 859 800 901; x_wconf 86' lang='lat' dir='ltr'>versionem</span> <span class='ocrx_word' id='word_1_60' title='bbox 818 857 847 880; x_wconf 84' lang='lat'>’¹</span> <span class='ocrx_word' id='word_1_61' title='bbox 889 864 936 900; x_wconf 93' lang='lat' dir='ltr'>et</span> <span class='ocrx_word' id='word_1_62' title='bbox 964 865 1167 901; x_wconf 87' lang='lat' dir='ltr'>nostram</span> <span class='ocrx_word' id='word_1_63' title='bbox 1199 864 1466 912; x_wconf 89' lang='lat' dir='ltr'>perpetuam</span> <span class='ocrx_word' id='word_1_64' title='bbox 1490 858 1802 911; x_wconf 81' lang='lat' dir='ltr'>ignominiam,</span> 
     </span>
     <span class='ocr_line' id='line_1_10' title="bbox 545 923 1801 978; baseline -0.001 -12"><span class='ocrx_word' id='word_1_65' title='bbox 545 930 591 966; x_wconf 92' lang='lat' dir='ltr'>et</span> <span class='ocrx_word' id='word_1_66' title='bbox 626 925 827 966; x_wconf 88' lang='lat' dir='ltr'>nationis</span> <span class='ocrx_word' id='word_1_67' title='bbox 849 923 1121 977; x_wconf 86' lang='lat' dir='ltr'>Anglicanae</span> <span class='ocrx_word' id='word_1_68' title='bbox 1154 925 1479 978; x_wconf 80' lang='lat' dir='ltr'>sempiternum</span> <span class='ocrx_word' id='word_1_69' title='bbox 1508 925 1801 978; x_wconf 85' lang='lat' dir='ltr'>opprobrium</span> 
     </span>
     <span class='ocr_line' id='line_1_11' title="bbox 545 988 1800 1043; baseline 0 -12"><span class='ocrx_word' id='word_1_70' title='bbox 545 990 826 1037; x_wconf 78' lang='lat' dir='ltr'>redundare3</span> <span class='ocrx_word' id='word_1_71' title='bbox 887 990 1009 1043; x_wconf 92' lang='lat' dir='ltr'>quod</span> <span class='ocrx_word' id='word_1_72' title='bbox 1063 994 1247 1031; x_wconf 86' lang='lat' dir='ltr'>avertat</span> <span class='ocrx_word' id='word_1_73' title='bbox 1299 988 1579 1042; x_wconf 83' lang='lat' dir='ltr'>temporibus</span> <span class='ocrx_word' id='word_1_74' title='bbox 1632 990 1800 1031; x_wconf 85' lang='lat' dir='ltr'>nostris</span> 
     </span>
     <span class='ocr_line' id='line_1_12' title="bbox 545 1054 1801 1109; baseline 0 -13"><span class='ocrx_word' id='word_1_75' title='bbox 545 1055 887 1096; x_wconf 89' lang='lat' dir='ltr'>clementissimi</span> <span class='ocrx_word' id='word_1_76' title='bbox 923 1054 1075 1096; x_wconf 89' lang='lat' dir='ltr'>Patris</span> <span class='ocrx_word' id='word_1_77' title='bbox 1107 1054 1381 1108; x_wconf 81' lang='lat' dir='ltr'>benignitas,</span> <span class='ocrx_word' id='word_1_78' title='bbox 1405 1054 1452 1094; x_wconf 91' lang='lat' dir='ltr'>in</span> <span class='ocrx_word' id='word_1_79' title='bbox 1482 1054 1614 1109; x_wconf 88' lang='lat' dir='ltr'>cujus</span> <span class='ocrx_word' id='word_1_80' title='bbox 1644 1055 1801 1096; x_wconf 89' lang='lat' dir='ltr'>solidi-</span> 
     </span>
     <span class='ocr_line' id='line_1_13' title="bbox 546 1119 1800 1172; baseline 0.001 -11"><span class='ocrx_word' id='word_1_81' title='bbox 546 1125 641 1161; x_wconf 89' lang='lat' dir='ltr'>tate</span> <span class='ocrx_word' id='word_1_82' title='bbox 678 1120 773 1161; x_wconf 86' lang='lat' dir='ltr'>fixa</span> <span class='ocrx_word' id='word_1_83' title='bbox 804 1124 875 1161; x_wconf 90' lang='lat' dir='ltr'>est</span> <span class='ocrx_word' id='word_1_84' title='bbox 912 1120 1204 1161; x_wconf 86' lang='lat' dir='ltr'>immobiliter</span> <span class='ocrx_word' id='word_1_85' title='bbox 1239 1119 1439 1161; x_wconf 88' lang='lat' dir='ltr'>anchora</span> <span class='ocrx_word' id='word_1_86' title='bbox 1479 1120 1578 1172; x_wconf 91' lang='lat' dir='ltr'>spei</span> <span class='ocrx_word' id='word_1_87' title='bbox 1614 1125 1800 1162; x_wconf 86' lang='lat' dir='ltr'>nostrae.</span> 
     </span>
     <span class='ocr_line' id='line_1_14' title="bbox 547 1184 1801 1238; baseline 0 -12"><span class='ocrx_word' id='word_1_88' title='bbox 547 1185 680 1227; x_wconf 91' lang='lat' dir='ltr'>Unde</span> <span class='ocrx_word' id='word_1_89' title='bbox 727 1198 808 1226; x_wconf 91' lang='lat' dir='ltr'>nos</span> <span class='ocrx_word' id='word_1_90' title='bbox 847 1184 905 1226; x_wconf 86' lang='lat' dir='ltr'>ad</span> <span class='ocrx_word' id='word_1_91' title='bbox 943 1184 1229 1238; x_wconf 89' lang='lat' dir='ltr'>disciplinam</span> <span class='ocrx_word' id='word_1_92' title='bbox 1266 1190 1313 1225; x_wconf 92' lang='lat' dir='ltr'>et</span> <span class='ocrx_word' id='word_1_93' title='bbox 1356 1185 1679 1226; x_wconf 84' lang='lat' dir='ltr'>correctionem</span> <span class='ocrx_word' id='word_1_94' title='bbox 1717 1185 1801 1226; x_wconf 87' lang='lat' dir='ltr'>hu·</span> 
     </span>
     <span class='ocr_line' id='line_1_15' title="bbox 538 1249 1800 1304; baseline 0.001 -13"><span class='ocrx_word' id='word_1_95' title='bbox 538 1250 742 1304; x_wconf 89' lang='lat' dir='ltr'>jusmodi</span> <span class='ocrx_word' id='word_1_96' title='bbox 791 1254 1050 1291; x_wconf 87' lang='lat' dir='ltr'>nostrorum</span> <span class='ocrx_word' id='word_1_97' title='bbox 1108 1249 1368 1290; x_wconf 82' lang='lat' dir='ltr'>officialium</span> <span class='ocrx_word' id='word_1_98' title='bbox 1429 1250 1593 1290; x_wconf 91' lang='lat' dir='ltr'>mentis</span> <span class='ocrx_word' id='word_1_99' title='bbox 1657 1250 1800 1292; x_wconf 89' lang='lat' dir='ltr'>aciem</span> 
     </span>
     <span class='ocr_line' id='line_1_16' title="bbox 544 1315 1802 1369; baseline 0.001 -13"><span class='ocrx_word' id='word_1_100' title='bbox 544 1316 811 1368; x_wconf 84' lang='lat' dir='ltr'>dirigentes,</span> <span class='ocrx_word' id='word_1_101' title='bbox 834 1315 1057 1369; x_wconf 90' lang='lat' dir='ltr'>quosdam</span> <span class='ocrx_word' id='word_1_102' title='bbox 1089 1328 1149 1356; x_wconf 86' lang='lat' dir='ltr'>ex</span> <span class='ocrx_word' id='word_1_103' title='bbox 1180 1315 1245 1356; x_wconf 89' lang='lat' dir='ltr'>eis</span> <span class='ocrx_word' id='word_1_104' title='bbox 1276 1327 1391 1368; x_wconf 91' lang='lat' dir='ltr'>quos</span> <span class='ocrx_word' id='word_1_105' title='bbox 1423 1328 1483 1356; x_wconf 86' lang='lat' dir='ltr'>ex</span> <span class='ocrx_word' id='word_1_106' title='bbox 1513 1315 1664 1356; x_wconf 86' lang='lat' dir='ltr'>causis</span> <span class='ocrx_word' id='word_1_107' title='bbox 1695 1328 1802 1368; x_wconf 88' lang='lat' dir='ltr'>pro·</span> 
     </span>
     <span class='ocr_line' id='line_1_17' title="bbox 545 1379 1801 1434; baseline 0.001 -13"><span class='ocrx_word' id='word_1_108' title='bbox 545 1381 770 1422; x_wconf 85' lang='lat' dir='ltr'>habilibus</span> <span class='ocrx_word' id='word_1_109' title='bbox 801 1381 857 1422; x_wconf 93' lang='lat' dir='ltr'>de</span> <span class='ocrx_word' id='word_1_110' title='bbox 888 1380 1010 1422; x_wconf 84' lang='lat' dir='ltr'>mala</span> <span class='ocrx_word' id='word_1_111' title='bbox 1041 1380 1452 1430; x_wconf 87' lang='lat' dir='ltr'>administratione,</span> <span class='ocrx_word' id='word_1_112' title='bbox 1477 1379 1672 1434; x_wconf 82' lang='lat' dir='ltr'>justitiae</span> <span class='ocrx_word' id='word_1_113' title='bbox 1693 1382 1801 1422; x_wconf 92' lang='lat' dir='ltr'>sub-</span> 
     </span>
     <span class='ocr_line' id='line_1_18' title="bbox 546 1446 1802 1500; baseline 0.001 -13"><span class='ocrx_word' id='word_1_114' title='bbox 546 1447 770 1495; x_wconf 85' lang='lat' dir='ltr'>versione,</span> <span class='ocrx_word' id='word_1_115' title='bbox 795 1459 849 1487; x_wconf 89' lang='lat' dir='ltr'>ac</span> <span class='ocrx_word' id='word_1_116' title='bbox 880 1446 1164 1487; x_wconf 87' lang='lat' dir='ltr'>subditorum</span> <span class='ocrx_word' id='word_1_117' title='bbox 1200 1451 1460 1487; x_wconf 88' lang='lat' dir='ltr'>nostrorum</span> <span class='ocrx_word' id='word_1_118' title='bbox 1489 1447 1802 1500; x_wconf 88' lang='lat' dir='ltr'>oppressione,</span> 
     </span>
     <span class='ocr_line' id='line_1_19' title="bbox 544 1511 1803 1565; baseline 0.001 -12"><span class='ocrx_word' id='word_1_119' title='bbox 544 1517 838 1565; x_wconf 87' lang='lat' dir='ltr'>acceptorum</span> <span class='ocrx_word' id='word_1_120' title='bbox 903 1524 1143 1554; x_wconf 90' lang='lat' dir='ltr'>munerum</span> <span class='ocrx_word' id='word_1_121' title='bbox 1202 1511 1512 1564; x_wconf 87' lang='lat' dir='ltr'>corruptione,</span> <span class='ocrx_word' id='word_1_122' title='bbox 1579 1524 1634 1554; x_wconf 89' lang='lat' dir='ltr'>ac</span> <span class='ocrx_word' id='word_1_123' title='bbox 1698 1512 1803 1554; x_wconf 82' lang='lat' dir='ltr'>aliis</span> 
     </span>
     <span class='ocr_line' id='line_1_20' title="bbox 545 1576 1801 1630; baseline 0.002 -13"><span class='ocrx_word' id='word_1_124' title='bbox 545 1576 729 1618; x_wconf 90' lang='lat' dir='ltr'>offensis</span> <span class='ocrx_word' id='word_1_125' title='bbox 778 1577 1013 1630; x_wconf 85' lang='lat' dir='ltr'>gravibus,</span> <span class='ocrx_word' id='word_1_126' title='bbox 1048 1582 1285 1630; x_wconf 88' lang='lat' dir='ltr'>suspectos</span> <span class='ocrx_word' id='word_1_127' title='bbox 1338 1576 1594 1627; x_wconf 81' lang='lat' dir='ltr'>habuimus,</span> <span class='ocrx_word' id='word_1_128' title='bbox 1629 1590 1658 1618; x_wconf 88' lang='lat' dir='ltr'>a</span> <span class='ocrx_word' id='word_1_129' title='bbox 1705 1578 1801 1619; x_wconf 88' lang='lat' dir='ltr'>suis</span> 
     </span>
     <span class='ocr_line' id='line_1_21' title="bbox 547 1641 1802 1695; baseline 0.001 -12"><span class='ocrx_word' id='word_1_130' title='bbox 547 1642 739 1684; x_wconf 82' lang='lat' dir='ltr'>fecimus</span> <span class='ocrx_word' id='word_1_131' title='bbox 753 1641 927 1692; x_wconf 89' lang='lat' dir='ltr'>officiis,</span> <span class='ocrx_word' id='word_1_132' title='bbox 945 1647 1083 1695; x_wconf 91' lang='lat' dir='ltr'>prout</span> <span class='ocrx_word' id='word_1_133' title='bbox 1105 1642 1237 1683; x_wconf 91' lang='lat' dir='ltr'>nobis</span> <span class='ocrx_word' id='word_1_134' title='bbox 1259 1641 1406 1691; x_wconf 91' lang='lat' dir='ltr'>licuit,</span> <span class='ocrx_word' id='word_1_135' title='bbox 1426 1642 1655 1693; x_wconf 83' lang='lat' dir='ltr'>amoveri3</span> <span class='ocrx_word' id='word_1_136' title='bbox 1688 1643 1802 1684; x_wconf 86' lang='lat' dir='ltr'>alios</span> 
     </span>
     <span class='ocr_line' id='line_1_22' title="bbox 545 1707 1801 1761; baseline 0 -12"><span class='ocrx_word' id='word_1_137' title='bbox 545 1720 728 1761; x_wconf 91' lang='lat' dir='ltr'>quoque</span> <span class='ocrx_word' id='word_1_138' title='bbox 755 1707 978 1748; x_wconf 83' lang='lat' dir='ltr'>inferioris</span> <span class='ocrx_word' id='word_1_139' title='bbox 1005 1707 1176 1758; x_wconf 83' lang='lat' dir='ltr'>gradus</span> <span class='ocrx_word' id='word_1_140' title='bbox 1199 1708 1245 1748; x_wconf 92' lang='lat' dir='ltr'>in</span> <span class='ocrx_word' id='word_1_141' title='bbox 1266 1707 1513 1759; x_wconf 76' lang='lat' dir='ltr'>praemissis</span> <span class='ocrx_word' id='word_1_142' title='bbox 1534 1707 1801 1761; x_wconf 90' lang='lat' dir='ltr'>culpabiles,</span> 
     </span>
     <span class='ocr_line' id='line_1_23' title="bbox 543 1763 1800 1821; baseline 0 -7"><span class='ocrx_word' id='word_1_143' title='bbox 543 1773 628 1814; x_wconf 89' lang='lat' dir='ltr'>sub</span> <span class='ocrx_word' id='word_1_144' title='bbox 653 1777 756 1814; x_wconf 83' lang='lat' dir='ltr'>tuta</span> <span class='ocrx_word' id='word_1_145' title='bbox 769 1773 978 1813; x_wconf 87' lang='lat' dir='ltr'>custodia</span> <span class='ocrx_word' id='word_1_146' title='bbox 1001 1772 1206 1821; x_wconf 86' lang='lat' dir='ltr'>detineri,</span> <span class='ocrx_word' id='word_1_147' title='bbox 1228 1772 1318 1820; x_wconf 91' lang='lat' dir='ltr'>ille,</span> <span class='ocrx_word' id='word_1_148' title='bbox 1338 1763 1461 1814; x_wconf 62' lang='lat' dir='ltr'>“ne’5²</span> <span class='ocrx_word' id='word_1_149' title='bbox 1480 1773 1519 1813; x_wconf 92' lang='lat' dir='ltr'>si</span> <span class='ocrx_word' id='word_1_150' title='bbox 1542 1773 1800 1815; x_wconf 84' lang='lat' dir='ltr'>libertatem</span> 
     </span>
     <span class='ocr_line' id='line_1_24' title="bbox 543 1837 1800 1891; baseline 0.001 -12"><span class='ocrx_word' id='word_1_151' title='bbox 543 1838 724 1879; x_wconf 85' lang='lat' dir='ltr'>solitam</span> <span class='ocrx_word' id='word_1_152' title='bbox 744 1838 1015 1891; x_wconf 91' lang='lat' dir='ltr'>potirentur,</span> <span class='ocrx_word' id='word_1_153' title='bbox 1036 1837 1418 1891; x_wconf 64' lang='lat' dir='ltr'>supplantaretur⁴</span> <span class='ocrx_word' id='word_1_154' title='bbox 1438 1850 1591 1880; x_wconf 88' lang='lat' dir='ltr'>eorum</span> <span class='ocrx_word' id='word_1_155' title='bbox 1626 1840 1800 1881; x_wconf 85' lang='lat' dir='ltr'>astutia</span> 
     </span>
     <span class='ocr_line' id='line_1_25' title="bbox 537 1902 1802 1957; baseline 0.001 -13"><span class='ocrx_word' id='word_1_156' title='bbox 537 1903 733 1957; x_wconf 85' lang='lat' dir='ltr'>justitiae</span> <span class='ocrx_word' id='word_1_157' title='bbox 778 1903 1007 1951; x_wconf 85' lang='lat' dir='ltr'>executio,</span> <span class='ocrx_word' id='word_1_158' title='bbox 1039 1907 1084 1945; x_wconf 90' lang='lat' dir='ltr'>et</span> <span class='ocrx_word' id='word_1_159' title='bbox 1134 1902 1425 1944; x_wconf 88' lang='lat' dir='ltr'>deluderetur</span> <span class='ocrx_word' id='word_1_160' title='bbox 1455 1902 1619 1945; x_wconf 85' lang='lat' dir='ltr'>callide</span> <span class='ocrx_word' id='word_1_161' title='bbox 1655 1904 1802 1957; x_wconf 88' lang='lat' dir='ltr'>inqui-</span> 
     </span>
     <span class='ocr_line' id='line_1_26' title="bbox 543 1967 1810 2018; baseline 0.002 -10"><span class='ocrx_word' id='word_1_162' title='bbox 543 1969 649 2010; x_wconf 92' lang='lat' dir='ltr'>sitio</span> <span class='ocrx_word' id='word_1_163' title='bbox 688 1967 913 2010; x_wconf 83' lang='lat' dir='ltr'>veritatis.</span> <span class='ocrx_word' id='word_1_164' title='bbox 985 1967 1215 2018; x_wconf 86' lang='lat' dir='ltr'>Quoniam</span> <span class='ocrx_word' id='word_1_165' title='bbox 1252 1981 1355 2009; x_wconf 90' lang='lat' dir='ltr'>cum</span> <span class='ocrx_word' id='word_1_166' title='bbox 1391 1981 1449 2009; x_wconf 87' lang='lat' dir='ltr'>ex</span> <span class='ocrx_word' id='word_1_167' title='bbox 1483 1968 1592 2010; x_wconf 92' lang='lat' dir='ltr'>dicti</span> <span class='ocrx_word' id='word_1_168' title='bbox 1627 1969 1810 2011; x_wconf 71' lang='lat' dir='ltr'>archie-</span> 
     </span>
     <span class='ocr_line' id='line_1_27' title="bbox 543 2033 1800 2087; baseline 0.002 -13"><span class='ocrx_word' id='word_1_169' title='bbox 543 2033 719 2087; x_wconf 91' lang='lat' dir='ltr'>piscopi</span> <span class='ocrx_word' id='word_1_170' title='bbox 740 2034 877 2074; x_wconf 87' lang='lat' dir='ltr'>animi</span> <span class='ocrx_word' id='word_1_171' title='bbox 902 2033 1089 2074; x_wconf 87' lang='lat' dir='ltr'>latebris</span> <span class='ocrx_word' id='word_1_172' title='bbox 1113 2045 1166 2074; x_wconf 95' lang='lat' dir='ltr'>eo</span> <span class='ocrx_word' id='word_1_173' title='bbox 1188 2034 1355 2075; x_wconf 89' lang='lat' dir='ltr'>certius</span> <span class='ocrx_word' id='word_1_174' title='bbox 1376 2038 1422 2074; x_wconf 91' lang='lat' dir='ltr'>et</span> <span class='ocrx_word' id='word_1_175' title='bbox 1441 2033 1617 2086; x_wconf 90' lang='lat' dir='ltr'>plenius</span> <span class='ocrx_word' id='word_1_176' title='bbox 1638 2034 1800 2076; x_wconf 89' lang='lat' dir='ltr'>elicere</span> 
     </span>
     <span class='ocr_line' id='line_1_28' title="bbox 543 2098 1799 2155; baseline 0 -15"><span class='ocrx_word' id='word_1_177' title='bbox 543 2099 830 2140; x_wconf 86' lang='lat' dir='ltr'>crederemus</span> <span class='ocrx_word' id='word_1_178' title='bbox 869 2111 960 2151; x_wconf 91' lang='lat' dir='ltr'>quo</span> <span class='ocrx_word' id='word_1_179' title='bbox 995 2098 1106 2138; x_wconf 91' lang='lat' dir='ltr'>nihil</span> <span class='ocrx_word' id='word_1_180' title='bbox 1149 2111 1307 2139; x_wconf 90' lang='lat' dir='ltr'>eorum</span> <span class='ocrx_word' id='word_1_181' title='bbox 1344 2111 1447 2155; x_wconf 85' lang='lat' dir='ltr'>quae</span> <span class='ocrx_word' id='word_1_182' title='bbox 1484 2099 1541 2139; x_wconf 88' lang='lat' dir='ltr'>ad</span> <span class='ocrx_word' id='word_1_183' title='bbox 1582 2099 1799 2141; x_wconf 86' lang='lat' dir='ltr'>informa-</span> 
     </span>
     <span class='ocr_line' id='line_1_29' title="bbox 543 2163 1801 2218; baseline 0.001 -12"><span class='ocrx_word' id='word_1_184' title='bbox 543 2164 712 2206; x_wconf 90' lang='lat' dir='ltr'>tionem</span> <span class='ocrx_word' id='word_1_185' title='bbox 748 2169 951 2206; x_wconf 85' lang='lat' dir='ltr'>nostram</span> <span class='ocrx_word' id='word_1_186' title='bbox 991 2164 1037 2205; x_wconf 91' lang='lat' dir='ltr'>in</span> <span class='ocrx_word' id='word_1_187' title='bbox 1069 2163 1155 2204; x_wconf 90' lang='lat' dir='ltr'>hac</span> <span class='ocrx_word' id='word_1_188' title='bbox 1186 2169 1316 2217; x_wconf 90' lang='lat' dir='ltr'>parte</span> <span class='ocrx_word' id='word_1_189' title='bbox 1354 2164 1558 2205; x_wconf 87' lang='lat' dir='ltr'>conferre</span> <span class='ocrx_word' id='word_1_190' title='bbox 1588 2169 1801 2218; x_wconf 89' lang='lat' dir='ltr'>poterant</span> 
     </span>
     <span class='ocr_line' id='line_1_30' title="bbox 542 2229 1797 2283; baseline 0.002 -13"><span class='ocrx_word' id='word_1_191' title='bbox 542 2230 688 2283; x_wconf 90' lang='lat' dir='ltr'>ipsum</span> <span class='ocrx_word' id='word_1_192' title='bbox 728 2229 1035 2271; x_wconf 89' lang='lat' dir='ltr'>verisimiliter</span> <span class='ocrx_word' id='word_1_193' title='bbox 1076 2229 1220 2270; x_wconf 83' lang='lat' dir='ltr'>latere</span> <span class='ocrx_word' id='word_1_194' title='bbox 1263 2229 1498 2279; x_wconf 87' lang='lat' dir='ltr'>debuerat,</span> <span class='ocrx_word' id='word_1_195' title='bbox 1539 2231 1614 2271; x_wconf 93' lang='lat' dir='ltr'>cui</span> <span class='ocrx_word' id='word_1_196' title='bbox 1655 2231 1797 2273; x_wconf 87' lang='lat' dir='ltr'>totius</span> 
     </span>
     <span class='ocr_line' id='line_1_31' title="bbox 543 2294 1800 2348; baseline 0.002 -12"><span class='ocrx_word' id='word_1_197' title='bbox 543 2295 807 2348; x_wconf 74' lang='lat' dir='ltr'>reipublicae</span> <span class='ocrx_word' id='word_1_198' title='bbox 832 2299 1000 2336; x_wconf 87' lang='lat' dir='ltr'>nostrae</span> <span class='ocrx_word' id='word_1_199' title='bbox 1032 2294 1469 2336; x_wconf 88' lang='lat' dir='ltr'>administrationem</span> <span class='ocrx_word' id='word_1_200' title='bbox 1500 2300 1547 2337; x_wconf 93' lang='lat' dir='ltr'>et</span> <span class='ocrx_word' id='word_1_201' title='bbox 1576 2300 1800 2338; x_wconf 86' lang='lat' dir='ltr'>summam</span> 
     </span>
     <span class='ocr_line' id='line_1_32' title="bbox 543 2360 1796 2414; baseline 0.002 -14"><span class='ocrx_word' id='word_1_202' title='bbox 543 2374 692 2402; x_wconf 87' lang='lat' dir='ltr'>rerum</span> <span class='ocrx_word' id='word_1_203' title='bbox 734 2360 1035 2413; x_wconf 81' lang='lat' dir='ltr'>gerendarum</span> <span class='ocrx_word' id='word_1_204' title='bbox 1076 2372 1105 2400; x_wconf 83' lang='lat' dir='ltr'>a</span> <span class='ocrx_word' id='word_1_205' title='bbox 1142 2360 1287 2401; x_wconf 90' lang='lat' dir='ltr'>multo</span> <span class='ocrx_word' id='word_1_206' title='bbox 1327 2365 1530 2414; x_wconf 89' lang='lat' dir='ltr'>tempore</span> <span class='ocrx_word' id='word_1_207' title='bbox 1582 2361 1796 2403; x_wconf 89' lang='lat' dir='ltr'>duximus</span> 
     </span>
     <span class='ocr_line' id='line_1_33' title="bbox 543 2425 1800 2477; baseline 0.002 -11"><span class='ocrx_word' id='word_1_208' title='bbox 543 2426 929 2474; x_wconf 73' lang='lat' dir='ltr'>committendam,</span> <span class='ocrx_word' id='word_1_209' title='bbox 955 2425 1041 2467; x_wconf 90' lang='lat' dir='ltr'>sibi</span> <span class='ocrx_word' id='word_1_210' title='bbox 1072 2437 1153 2477; x_wconf 91' lang='lat' dir='ltr'>per</span> <span class='ocrx_word' id='word_1_211' title='bbox 1183 2425 1361 2466; x_wconf 90' lang='lat' dir='ltr'>fidelem</span> <span class='ocrx_word' id='word_1_212' title='bbox 1394 2431 1599 2467; x_wconf 84' lang='lat' dir='ltr'>nostrum</span> <span class='ocrx_word' id='word_1_213' title='bbox 1632 2426 1800 2468; x_wconf 92' lang='lat' dir='ltr'>Nicho-</span> 
     </span>
     <span class='ocr_line' id='line_1_34' title="bbox 541 2490 1801 2544; baseline 0.002 -13"><span class='ocrx_word' id='word_1_214' title='bbox 541 2491 664 2532; x_wconf 84' lang='lat' dir='ltr'>laum</span> <span class='ocrx_word' id='word_1_215' title='bbox 698 2491 754 2532; x_wconf 94' lang='lat' dir='ltr'>de</span> <span class='ocrx_word' id='word_1_216' title='bbox 787 2490 1053 2543; x_wconf 84' lang='lat' dir='ltr'>Cantilupo,</span> <span class='ocrx_word' id='word_1_217' title='bbox 1089 2490 1146 2531; x_wconf 87' lang='lat' dir='ltr'>ad</span> <span class='ocrx_word' id='word_1_218' title='bbox 1183 2490 1268 2531; x_wconf 93' lang='lat' dir='ltr'>hoc</span> <span class='ocrx_word' id='word_1_219' title='bbox 1309 2491 1569 2544; x_wconf 88' lang='lat' dir='ltr'>specialiter</span> <span class='ocrx_word' id='word_1_220' title='bbox 1600 2491 1801 2534; x_wconf 89' lang='lat' dir='ltr'>destina·</span> 
     </span>
     <span class='ocr_line' id='line_1_35' title="bbox 542 2555 1801 2609; baseline 0.001 -12"><span class='ocrx_word' id='word_1_221' title='bbox 542 2562 654 2606; x_wconf 90' lang='lat' dir='ltr'>tum,</span> <span class='ocrx_word' id='word_1_222' title='bbox 681 2556 997 2599; x_wconf 87' lang='lat' dir='ltr'>mandavimus</span> <span class='ocrx_word' id='word_1_223' title='bbox 1030 2555 1151 2609; x_wconf 93' lang='lat' dir='ltr'>quod</span> <span class='ocrx_word' id='word_1_224' title='bbox 1184 2555 1241 2596; x_wconf 84' lang='lat' dir='ltr'>ad</span> <span class='ocrx_word' id='word_1_225' title='bbox 1262 2561 1466 2597; x_wconf 90' lang='lat' dir='ltr'>nostram</span> <span class='ocrx_word' id='word_1_226' title='bbox 1491 2557 1801 2609; x_wconf 75' lang='lat' dir='ltr'>praesentiam,</span> 
     </span>
    </p>
   </div>
   <div class='ocr_carea' id='block_1_4' title="bbox 332 482 524 490">
    <p class='ocr_par' dir='ltr' id='par_1_4' title="bbox 332 482 524 490">
     <span class='ocr_line' id='line_1_36' title="bbox 332 482 524 490; baseline 0 0"><span class='ocrx_word' id='word_1_227' title='bbox 332 482 524 490; x_wconf 95' lang='lat' dir='ltr'> </span> 
     </span>
    </p>
   </div>
   <div class='ocr_carea' id='block_1_5' title="bbox 588 2724 1153 2765">
    <p class='ocr_par' dir='ltr' id='par_1_5' title="bbox 588 2724 1153 2765">
     <span class='ocr_line' id='line_1_37' title="bbox 588 2724 1153 2765; baseline -0.004 -7"><span class='ocrx_word' id='word_1_228' title='bbox 588 2725 596 2744; x_wconf 91' lang='lat'>¹</span> <span class='ocrx_word' id='word_1_229' title='bbox 614 2728 788 2762; x_wconf 88' lang='lat' dir='ltr'>Amended</span> <span class='ocrx_word' id='word_1_230' title='bbox 800 2726 883 2758; x_wconf 85' lang='lat' dir='ltr'>from</span> <span class='ocrx_word' id='word_1_231' title='bbox 897 2727 1036 2765; x_wconf 80' lang='lat' dir='ltr'>Rymer3</span> <span class='ocrx_word' id='word_1_232' title='bbox 1053 2724 1153 2757; x_wconf 90' lang='lat' dir='ltr'>MSS.</span> 
     </span>
    </p>
   </div>
   <div class='ocr_carea' id='block_1_6' title="bbox 541 2745 1688 2805">
    <p class='ocr_par' dir='ltr' id='par_1_6' title="bbox 541 2745 1688 2805">
     <span class='ocr_line' id='line_1_38' title="bbox 1236 2745 1391 2765; baseline -0.019 -8"><span class='ocrx_word' id='word_1_233' title='bbox 1236 2745 1250 2765; x_wconf 68' lang='lat'>2</span> <span class='ocrx_word' id='word_1_234' title='bbox 1284 2747 1293 2757; x_wconf 62' lang='grc' dir='ltr'><strong>Ἰ</strong></span> <span class='ocrx_word' id='word_1_235' title='bbox 1384 2747 1391 2754; x_wconf 75' lang='grc' dir='ltr'><strong>ο</strong></span> 
     </span>
     <span class='ocr_line' id='line_1_39' title="bbox 541 2747 1688 2805; baseline -0.003 -1"><span class='ocrx_word' id='word_1_236' title='bbox 541 2774 620 2804; x_wconf 84' lang='lat' dir='ltr'>read</span> <span class='ocrx_word' id='word_1_237' title='bbox 635 2774 644 2791; x_wconf 89' lang='lat'>‘</span> <span class='ocrx_word' id='word_1_238' title='bbox 660 2772 945 2805; x_wconf 64' lang='lat' dir='ltr'>submersionem!</span> <span class='ocrx_word' id='word_1_239' title='bbox 1273 2747 1437 2787; x_wconf 60' lang='lat' dir='ltr'>bupphed</span> <span class='ocrx_word' id='word_1_240' title='bbox 1453 2747 1535 2778; x_wconf 67' lang='lat' dir='ltr'>from</span> <span class='ocrx_word' id='word_1_241' title='bbox 1552 2747 1688 2787; x_wconf 57' lang='lat' dir='ltr'><strong>Rymer&#39;</strong></span> 
     </span>
    </p>
   </div>
  </div>
 </body>
</html>
