2038 3306
570 319 655 361 114
1040 327 1318 360 cunomeou

374 445 530 471 mmai.
569 433 862 475 ecclesiarum
901 431 1122 485 praelatis,
1161 431 1378 481 ecclesiis,
1417 431 1830 483 ecclesiasticisque

373 478 407 503 A.
420 478 454 503 D.
471 479 544 504 129⁶.

357 534 422 559 Bull
435 535 464 559 of
481 535 553 566 Pope

357 567 498 593 nominee.

570 499 776 554 personis
825 497 1111 550 regularibus
1156 503 1202 539 et
1250 497 1550 547 secularibus,
1591 498 1829 551 imponunt

568 578 706 606 onera
736 564 914 617 gravia,
943 564 1068 617 ipsos
1106 563 1287 605 talliant
1319 569 1366 605 et
1399 564 1465 605 eis
1495 563 1711 605 collectas
1741 562 1826 603 im-

567 635 758 684 ponunt,
793 634 839 671 et
870 629 928 670 ab
960 629 1103 682 ‘ipsis
1140 627 1376 670 suorum'²
1416 633 1720 682 proventuum
1751 627 1825 668 vel

568 698 788 737 bonorum
810 695 1057 745 dimidiam,
1080 694 1299 736 decimam
1331 707 1412 736 seu
1443 695 1722 743 vicesimam,
1752 692 1827 734 vel

568 763 774 816 quamvis
811 761 948 802 aliam
985 761 1240 814 portionem
1277 766 1359 802 aut
1397 765 1602 814 quotam,
1637 760 1829 812 exigunt

568 835 614 870 et
643 833 935 882 extorquent,
965 839 1134 881 eosque
1162 828 1415 869 moliuntur
1444 825 1690 868 multifarie
1719 826 1827 866 sub-

561 894 704 948 jicere
726 894 952 941 servituti,
974 906 1161 947 suaeque
1182 894 1376 935 subdere
1396 892 1584 940 ditioni;
1618 897 1680 942 et,
1703 890 1826 945 quod

567 960 773 1002 dolenter
810 959 1060 1008 referimus,
1083 960 1289 1001 nonnulli
1324 959 1614 1001 ecclesiarum
1648 957 1827 1012 praelati

568 1026 979 1079 ecclesiasticaeque
1008 1038 1214 1079 personae
1245 1026 1539 1080 trepidantes,
1574 1024 1651 1065 ubi
1686 1024 1825 1077 trepi-

568 1092 769 1134 dandum
790 1105 881 1133 non
911 1095 994 1141 est,
1020 1092 1332 1133 transitoriam
1363 1104 1521 1146 pacem
1551 1097 1826 1144 quaerentes,

567 1158 671 1211 plus
703 1158 913 1199 timentes
943 1157 1231 1211 majestatem
1262 1157 1556 1210 temporalem
1601 1156 1826 1198 offendere

567 1236 705 1276 quam
724 1229 958 1271 aeternam,
978 1223 1139 1263 talium
1160 1223 1379 1264 abusibus
1399 1235 1489 1263 non
1513 1228 1608 1264 tam
1631 1229 1825 1263 temera·

568 1289 632 1330 rie
662 1301 799 1342 quam
826 1288 1079 1341 improvide
1110 1289 1423 1341 acquiescunt,
1447 1288 1568 1329 sedis
1603 1287 1825 1341 apostoli-

566 1367 632 1395 cae
663 1354 937 1395 auctoritate
959 1366 1048 1394 non
1076 1355 1280 1395 obtenta.
1353 1354 1453 1396 Nos
1477 1354 1633 1407 igitur,
1657 1353 1826 1394 talibus

567 1420 745 1461 actibus
779 1420 966 1461 obviare
992 1419 1216 1470 volentes,
1247 1420 1303 1461 de
1338 1420 1528 1462 fratrum
1565 1424 1823 1462 nostrorum

566 1485 772 1536 consilio,
815 1486 1070 1540 apostolica
1105 1486 1380 1528 auctoritate
1414 1486 1658 1528 statuimus
1703 1485 1824 1539 quod

566 1553 825 1606 quicunque
855 1551 1033 1606 praelati
1059 1552 1437 1594 ecclesiasticaeve
1468 1565 1690 1605 personae,
1722 1551 1823 1593 reli·

569 1618 711 1670 giosae
729 1617 801 1659 vel
818 1617 1062 1668 seculares,
1081 1631 1456 1672 quorumcunque
1477 1618 1702 1668 ordinum,
1722 1630 1826 1660 con-

570 1683 756 1725 ditionis
776 1696 857 1724 seu
877 1688 1042 1734 status,
1062 1684 1278 1726 collectas
1299 1684 1373 1726 vel
1394 1684 1561 1734 tallias,
1579 1684 1828 1734 dimidiam,

570 1749 809 1799 decimam,
830 1749 1090 1791 vicesimam
1121 1763 1202 1791 seu
1236 1750 1530 1792 centesimam
1562 1763 1748 1792 suorum
1779 1758 1826 1792 et

571 1815 862 1857 ecclesiarum
905 1829 1093 1858 suarum
1142 1821 1444 1870 proventuum
1488 1817 1561 1858 vel
1603 1817 1825 1859 bonorum

570 1880 699 1922 laicis
727 1881 945 1924 solverint
975 1882 1050 1924 vel
1079 1883 1383 1935 promiserint,
1416 1883 1487 1924 vel
1519 1896 1569 1924 se
1594 1883 1825 1924 soluturos

570 1947 960 1998 ‘concesserint,’²
988 1953 1071 1990 aut
1102 1949 1310 2002 quamvis
1341 1949 1479 1990 aliam
1501 1949 1824 2002 quantitatem,

568 2013 839 2065 portionem,
875 2019 956 2055 aut
993 2014 1237 2068 quicquam
1270 2015 1473 2068 ipsorum
1503 2020 1823 2068 proventuum,

568 2078 640 2119 vel
656 2079 877 2120 bonorum
901 2080 1264 2130 aestimationem,
1290 2081 1361 2122 vel
1381 2081 1582 2122 valorem
1602 2082 1824 2137 ipsorum,

568 2145 652 2185 sub
684 2144 918 2199 adjutorii,
951 2147 1114 2196 mutui,
1147 2147 1477 2196 subventionis,
1506 2147 1714 2196 subsidii,
1751 2147 1824 2189 vel

568 2209 675 2251 doni
690 2211 882 2262 nomine,
897 2224 977 2252 seu
993 2212 1157 2265 quovis
1176 2212 1267 2254 alio
1291 2217 1303 2234 ‘
1317 2212 1492 2254 titulo’³
1516 2213 1590 2254 vel
1602 2213 1737 2255 modo
1752 2213 1823 2254 vel

568 2277 761 2328 quaesito
782 2278 947 2327 colore,
964 2278 1136 2332 absque
1152 2279 1428 2321 auctoritate
1447 2279 1568 2320 sedis
1590 2279 1821 2333 ejusdem;

556 2355 739 2383 ⁴necnon
766 2343 1077 2397 imperatores,
1116 2357 1262 2398 reges,
1295 2358 1377 2386 seu
1408 2345 1651 2399 principes,
1684 2345 1824 2387 duces

565 2420 645 2448 seu
675 2410 878 2459 comites,
906 2410 975 2451 vel
997 2411 1205 2459 barones,
1228 2416 1496 2464 potestates,
1513 2415 1524 2433 ‘
1540 2410 1824 2464 capitanei‚’⁴

565 2473 777 2516 officiales
798 2476 870 2517 vel
885 2480 1101 2527 rectores,
1119 2489 1392 2531 quocunque
1407 2477 1585 2518 nomine
1605 2489 1822 2518 censean—

564 2544 653 2590 tur,
698 2541 954 2591 civitatum,
1000 2547 1266 2592 castrorum,
1310 2555 1391 2583 seu
1432 2555 1823 2596 quorumcumque

562 2605 760 2647 locorum
800 2608 1151 2649 constitutorum
1186 2608 1389 2657 ubilibet,
1425 2614 1471 2650 et
1511 2609 1661 2662 quivis
1704 2608 1822 2650 alius

610 2732 618 2750 ¹
642 2737 651 2751 ⁶
668 2735 778 2774 ipsius
812 2736 1038 2776 suorumque,’
1073 2736 1173 2769 MSS.
1255 2737 1269 2756 ³
1290 2737 1300 2754 ‘
1313 2737 1455 2776 timore,'
1483 2737 1583 2770 MSS.
1610 2736 1697 2770 Coll.
1728 2738 1823 2770 Arm.

563 2779 648 2811 Coll.
664 2781 756 2813 Arm.
773 2782 840 2812 and
856 2782 944 2815 Gott.
956 2783 1032 2815 Tib.
1207 2783 1274 2814 and
1289 2783 1376 2815 cott.
1387 2784 1463 2816 Tib.

608 2823 621 2841 ²
634 2825 876 2868 ‘excesserint,‘
888 2829 962 2860 MS.
974 2829 1163 2862 Coll.Arm.
1254 2828 1266 2848 ⁴
1290 2832 1300 2848 ‘
1314 2830 1533 2870 capitaneos,'
1549 2829 1648 2861 MSS.
