2038 3306
350 427 469 454 Edward
482 427 507 452 1.

350 461 429 486 Ad).
444 460 517 486 ¹297.

335 1278 395 1303 The
407 1276 498 1302 count

336 1311 368 1335 os
376 1310 509 1336 Flanders

335 1347 429 1368 enters
442 1343 501 1368 Into

337 1383 372 1402 an
386 1376 504 1401 alliance

336 1409 404 1434 with
418 1409 491 1441 Eng-

338 1443 414 1469 land.

548 300 632 342 120
1031 309 1309 340 cnuomcon

548 414 686 465 toliae,
707 412 1012 468 quadraginta
1041 412 1214 454 solidos
1243 417 1549 454 extorserunt.
1610 411 1806 463 Insuper

547 481 763 535 praecepit
784 492 865 521 rex
890 483 942 519 ut
971 482 1131 520 contra
1150 479 1415 532 passagium
1437 491 1569 520 suum
1591 478 1639 519 in
1663 477 1806 517 Fran-

547 548 665 589 ciam
688 546 743 587 de
773 544 976 599 quolibet
1003 544 1224 586 comitatu
1249 545 1561 598 acciperentur
1586 556 1667 597 per
1687 542 1807 583 vice-

547 613 759 654 comitem
787 611 878 652 duo
913 610 1057 652 millia
1092 610 1325 663 quarteria
1362 609 1589 659 frumenti,
1618 613 1666 650 et
1704 613 1806 649 tan-

547 678 732 720 tundem
767 689 941 727 avenae,
977 681 1023 717 et
1057 675 1114 717 ad
1147 681 1309 729 portus
1345 675 1483 716 maris
1519 674 1805 715 ducerentur.

550 744 832 798 Factumque
859 747 929 784 est
956 740 1101 792 ‘sic,'²
1124 746 1171 783 et
1200 741 1498 783 talliabantur
1521 740 1727 781 homines
1748 738 1807 779 ad

547 816 718 851 certum
762 822 999 850 numerum
1044 808 1407 862 quarteriorum;
1457 810 1470 829 ‘
1485 806 1622 847 etiam
1638 805 1650 821 ’
1665 803 1682 826 ²
1729 804 1808 857 qui

548 875 732 917 bladum
755 888 845 916 non
864 874 1112 924 habebant,
1133 873 1476 928 accipiebantur
1499 876 1512 894 ⁴
1529 877 1575 913 et
1601 871 1659 912 ab
1688 870 1776 912 eis’
1793 869 1809 891 ³

548 954 708 983 carnes
729 941 907 982 bovinae
928 945 974 982 et
994 940 1191 994 porcinae
1214 939 1271 980 ad
1294 943 1466 980 certum
1489 950 1744 987 numerum,
1762 941 1809 978 et

549 1007 705 1049 multae
727 1007 899 1048 fiebant
920 1006 1238 1060 oppressiones
1262 1005 1307 1046 in
1332 1005 1503 1059 populo
1527 1009 1676 1047 terrae.

571 1155 705 1197 Comes
723 1153 999 1196 Flandrensis
1019 1152 1284 1195 concordatus
1302 1157 1358 1194 est
1377 1166 1469 1193 cum
1491 1152 1594 1207 Reye
1613 1150 1791 1206 Anyliae.

611 1262 782 1303 Eodem
805 1274 925 1303 anno
955 1266 968 1284 ‘
982 1275 1134 1303 comes
1168 1260 1398 1302 Flandriae
1414 1259 1450 1282 ’⁴
1470 1274 1499 1302 a
1519 1274 1627 1314 rege
1664 1261 1809 1302 Fran-

552 1341 705 1369 corum
751 1328 933 1369 domino
977 1340 1060 1368 suo
1101 1326 1316 1381 injuriam
1357 1339 1536 1380 passuS,
1579 1340 1682 1368 cum
1711 1328 1808 1382 jam

551 1394 719 1435 multas
741 1407 822 1447 pro
845 1406 899 1434 eo
920 1393 1212 1434 exhausisset
1234 1393 1470 1446 pecunias,
1489 1393 1739 1447 vidensque
1761 1407 1811 1436 se

551 1460 597 1500 in
630 1472 797 1500 vanum
829 1459 1064 1501 laborasse
1100 1460 1178 1512 qui
1209 1459 1354 1500 multa
1383 1466 1628 1510 meruerat,
1662 1473 1691 1501 a
1724 1459 1811 1501 fide

552 1525 675 1578 regis
699 1526 770 1566 sui
800 1525 1016 1566 desilivit.
1087 1525 1146 1566 Et
1179 1530 1227 1566 ut
1254 1526 1352 1578 regi
1375 1524 1559 1578 Angliae
1583 1527 1813 1579 acceptior

553 1591 697 1641 fieret,
719 1603 875 1633 omnes
897 1604 925 1632 a
942 1596 1065 1632 terra
1086 1604 1172 1632 sua
1195 1591 1399 1632 Francos
1418 1591 1686 1641 eliminavit,
1708 1605 1812 1633 con-

550 1656 847 1711 sideransque
883 1663 1051 1699 terram
1089 1670 1220 1699 suam
1263 1658 1396 1710 quasi
1437 1657 1716 1718 exinanitam
1757 1671 1812 1700 eo

552 1723 673 1776 quod
709 1724 832 1765 cives
869 1724 940 1764 sui
980 1723 1111 1765 lanas
1155 1722 1438 1776 Anglicanas
1478 1728 1524 1765 et
1563 1724 1687 1765 coria
1721 1737 1812 1765 non

553 1789 789 1839 haberent,
820 1794 873 1831 ut
901 1789 1144 1831 mercando
1177 1788 1344 1830 habere
1374 1795 1724 1838 consueverant,
1754 1790 1811 1831 ad

555 1855 852 1909 operandum,
868 1869 971 1897 cum
992 1856 1083 1897 sint
1099 1855 1161 1896 ibi
1181 1855 1378 1909 operarii
1399 1855 1546 1906 multi,
1562 1856 1814 1909 piscatores

557 1922 691 1962 etiam
723 1926 856 1963 terrae
885 1934 981 1963 suae
1011 1922 1347 1975 depauperatos
1382 1934 1436 1963 eo
1466 1922 1587 1975 quod
1620 1922 1810 1963 liberum

557 1987 614 2028 ad
637 2000 761 2028 mare
782 2001 873 2029 non
892 1988 1113 2029 haberent
1131 2000 1382 2037 accessum,
1402 1987 1651 2042 vidensque
1672 1988 1815 2029 finali-

556 2057 626 2093 ter
645 2066 694 2094 se
716 2053 909 2095 ulterius
925 2067 1016 2095 non
1037 2066 1173 2107 posse
1193 2054 1292 2107 regi
1312 2052 1568 2107 Anglorum
1589 2054 1815 2104 resistere,

558 2118 681 2160 misit
722 2119 780 2160 ad
820 2133 921 2161 eum
963 2120 1170 2170 nuncios,
1212 2124 1373 2174 petens
1416 2125 1463 2162 et
1503 2133 1671 2174 rogans
1710 2133 1815 2174 quae

557 2184 682 2237 pacis
706 2190 813 2227 sunt
834 2191 880 2227 et
911 2186 1105 2234 amoris;
1145 2184 1408 2240 placuitque
1438 2186 1535 2240 regi
1567 2190 1724 2228 nostro
1744 2199 1815 2227 ro-

557 2256 733 2303 gatum,
754 2252 867 2293 etin
898 2252 1170 2305 expulsione
1206 2252 1488 2293 Francorum
1519 2266 1547 2294 a
1574 2257 1697 2294 terra
1730 2265 1815 2294 sua

558 2329 659 2357 eum
681 2318 1041 2359 commendando
1063 2318 1287 2368 laudavit,
1305 2318 1559 2372 statuitque
1578 2319 1621 2360 ei
1642 2318 1817 2360 firmam

558 2395 731 2435 pacem,
775 2387 914 2438 q'uam
948 2383 1244 2437 praeconizari
1285 2384 1408 2434 fecit,
1451 2389 1498 2426 et
1539 2385 1652 2426 inito
1696 2384 1817 2426 fideli

557 2447 741 2499 foedere,
766 2450 861 2492 cari
882 2449 1066 2504 quidem
1087 2449 1197 2491 facti
1219 2454 1327 2490 sunt
1346 2454 1393 2490 et
1412 2448 1580 2492 amici.⁵

605 2571 613 2590 ¹
638 2575 789 2607 Omitted
805 2576 840 2607 in
855 2576 931 2608 MS.
950 2573 1037 2608 coll.
1052 2576 1148 2609 Arm.
1254 2574 1268 2593 ⁶
1288 2576 1359 2607 The
1387 2576 1485 2607 letter
1508 2575 1546 2607 of
1570 2576 1817 2608 confederation

605 2615 617 2633 ²
641 2625 650 2638 ⁸
663 2625 696 2652 et
711 2621 835 2662 etiam,'
852 2622 927 2654 MS.
944 2621 1034 2654 Cott.
1049 2622 1124 2655 Tib.
1207 2623 1359 2654 between
1368 2621 1423 2653 the
1434 2622 1527 2662 King
1538 2623 1602 2653 and
1616 2622 1694 2662 Guy
1708 2623 1819 2654 Count

606 2657 619 2675 ³
640 2666 650 2683 ‘
661 2668 785 2706 etiam‚'
802 2668 877 2700 MS.
896 2668 983 2700 Coll.
999 2668 1094 2701 Arm.
1206 2669 1245 2700 of
1256 2668 1419 2700 Flanders
1434 2669 1464 2700 is
1479 2669 1581 2700 dated
1596 2679 1638 2700 on
1650 2669 1705 2700 the
1716 2669 1772 2700 7th
1784 2670 1823 2700 of

606 2705 619 2724 ⁴
642 2713 806 2753 supplied
818 2714 902 2746 from
910 2714 1071 2746 Tanner's
1080 2718 1168 2747 tran-
1205 2716 1228 2747 J
1231 2724 1371 2756 anuary,
1386 2717 1483 2747 1297.
1509 2715 1645 2756 Rymer,
1662 2716 1821 2757 Foedera,

560 2758 675 2797 script.
722 2760 793 2791 The
832 2761 937 2792 entire
975 2761 1102 2793 section
1139 2762 1169 2793 is
1205 2761 1227 2794 i.
1245 2765 1319 2794 850.

559 2805 707 2844 wanting
723 2806 756 2836 in
772 2806 849 2838 MS.
865 2807 951 2839 Coll.
964 2807 1059 2840 Trin.
