2038 3306
472 319 698 352 WAeru
731 319 792 350 DE
825 319 1199 351 nummessuncn.
1384 308 1466 350 141

388 489 502 532 Scoti
522 494 787 532 vastaverunt
806 490 926 546 quasi
946 496 1026 533 tres
1049 491 1287 533 Comitatus.

276 623 391 665 Post
412 623 505 665 ista
526 621 725 664 nefanda
743 623 970 678 principia
997 623 1189 665 animati
1205 627 1316 665 sunt
1331 622 1473 672 Scoti,

207 694 256 731 et
300 689 440 731 corda
483 693 745 730 nostrorum
783 689 977 731 confusa
1007 695 1147 738 sunt3
1193 688 1474 743 Anglicique

209 756 356 797 nostri
397 756 477 810 qui
526 760 845 796 remanserant
885 756 933 796 in
978 759 993 778 ‘
1017 754 1306 810 Berewyk,'¹
1345 755 1474 809 juste

210 823 423 864 timentes
450 821 553 871 sibi,
585 822 798 863 abierunt
818 834 848 863 a
869 822 980 863 'loco
1000 834 1101 871 suo,
1122 834 1177 862 eo
1207 822 1330 875 quod
1351 821 1476 875 prin-

211 889 356 942 cipem
391 901 483 929 non
510 887 733 928 haberent
755 899 837 929 seu
861 887 1163 936 defensorem,
1185 894 1231 929 et
1255 888 1347 929 cito
1370 891 1476 941 post

210 954 404 1007 ingressi
425 958 535 995 sunt
554 965 656 994 eam
678 953 821 1002 Scoti,
852 953 1138 994 invenientes
1159 965 1259 995 eam
1280 966 1476 995 vacuam

211 1026 259 1062 et
313 1020 448 1074 quasi
497 1020 651 1073 scopis
702 1019 971 1061 mundatam
995 1035 1007 1067 ;
1065 1024 1267 1061 castrum
1324 1025 1476 1061 tamen

212 1086 501 1128 retinuerunt
536 1086 699 1135 nostri,
730 1091 777 1127 et
812 1085 1114 1128 defenderunt
1151 1085 1282 1127 illud.
1355 1085 1478 1127 Nor-

213 1153 534 1195 thumbrenses
563 1152 720 1201 etiam,
751 1152 917 1194 timore
939 1152 1189 1206 perterriti,
1221 1165 1478 1195 evacuave-

215 1224 324 1261 runt
358 1219 558 1273 patriam
595 1219 653 1259 ab
685 1219 911 1260 uxoribus
947 1224 993 1260 et
1031 1219 1240 1272 parvulis
1275 1224 1323 1261 et
1353 1220 1478 1261 omni

215 1285 509 1339 supellectili,
542 1285 780 1326 mittentes
823 1298 927 1326 cum
971 1285 1037 1327 eis
1080 1286 1299 1327 animalia
1332 1299 1480 1340 usque

217 1352 407 1394 Novum
425 1351 641 1394 Castrum
656 1355 701 1392 et
725 1351 920 1404 sparsim
940 1364 1022 1404 per
1042 1352 1331 1405 provincias;
1356 1365 1482 1393 cum-

217 1431 305 1472 que
330 1418 409 1459 diu
433 1423 725 1459 morarentur
747 1417 874 1459 Scoti
898 1431 981 1459 nec
1001 1422 1014 1440 ‘
1030 1417 1304 1469 saevirent,'‘⁴’
1326 1418 1482 1460 crede-

217 1486 331 1526 bant
367 1485 414 1525 in
446 1484 532 1525 hoc
577 1483 1002 1525 Northumbrenses
1043 1485 1171 1538 ipsos
1207 1485 1330 1527 nolle
1365 1485 1482 1526 fines

217 1563 328 1593 suos
350 1550 526 1604 egredi,
552 1555 598 1591 et
620 1550 686 1592 sic
708 1550 765 1591 ad
795 1550 984 1604 propria
1007 1552 1178 1592 reversi
1206 1556 1316 1593 sunt
1346 1551 1483 1593 redu-

1507 503 1628 528 Edward
1642 503 1666 529 1.

1509 537 1542 562 A.
1556 537 1589 562 D.
1605 535 1679 561 1297.

1493 636 1596 662 Affairs
1609 635 1642 660 os

1492 670 1634 696 Scotland.

217 1623 375 1658 centes
407 1617 574 1658 omnia.
646 1615 784 1667 Quod
815 1629 920 1658 cum
947 1616 1218 1659 didicissent
1241 1617 1368 1659 Scoti
1402 1631 1484 1671 per
1498 1633 1648 1658 Thescots

1499 1673 1601 1696 ravage

219 1683 537 1737 exploratores
560 1695 687 1732 suos,
719 1695 827 1724 mox
853 1687 900 1725 et
924 1684 1059 1737 quasi
1084 1683 1283 1725 latenter
1305 1683 1483 1725 North·
1501 1700 1606 1726 North-

220 1750 446 1791 umbriam
488 1749 686 1802 ingressi
723 1754 848 1799 sunt,
884 1754 931 1792 et
970 1749 1364 1792 circumducentes
1402 1764 1485 1804 pa-

221 1817 358 1858 triam
415 1816 570 1857 subito
625 1821 919 1869 peremerunt
971 1816 1143 1858 multos
1203 1822 1250 1859 et
1304 1817 1486 1871 praedas

221 1883 449 1924 maximas
488 1887 873 1935 asportaverunt;
910 1887 956 1924 et
990 1887 1163 1925 extunc
1198 1889 1331 1926 erant
1352 1884 1487 1926 Scoti

221 1949 532 2003 ingredientes
556 1953 602 1990 et
634 1948 922 2002 egredientes
960 1949 1017 1990 ad
1045 1949 1241 2000 libitum,
1267 1951 1489 1992 cubantes

222 2016 269 2057 in
304 2016 476 2057 foresta
512 2016 569 2056 de
613 2014 943 2068 Routhebiry‚³
983 2028 1067 2057 nec
1124 2022 1226 2058 erat
1264 2017 1343 2070 qui
1376 2020 1488 2058 ‘ex—

223 2087 419 2124 terreret
462 2080 596 2124 eos.'4
686 2081 743 2123 In
780 2086 988 2135 tempore
1028 2082 1109 2122 illo
1147 2083 1349 2124 cessavit
1386 2082 1489 2124 laus

226 2148 314 2189 Dei
350 2148 397 2188 in
435 2148 650 2189 omnibus
688 2148 980 2189 monasteriis
1024 2152 1071 2188 et
1101 2148 1307 2190 ecclesiis
1345 2149 1488 2190 totius

224 2214 476 2267 provinciae
521 2226 550 2256 a
591 2212 1298 2268 Novo-Castro·super-Tynam
1341 2228 1489 2269 usque

226 2279 513 2331 Carliolum3
560 2279 777 2332 fugerant
821 2279 943 2320 enim
1000 2292 1028 2321 a
1076 2279 1193 2322 facie
1246 2281 1489 2323 Scotorum

225 2359 382 2388 omnes
424 2345 653 2394 monachi,
695 2345 902 2387 canonici
952 2346 1204 2399 regulares,
1247 2352 1293 2389 et
1335 2348 1490 2389 caeteri

224 2412 487 2455 sacerdotes
502 2411 701 2452 ministri
723 2411 924 2461 Domini,
946 2425 1050 2453 cum
1071 2412 1203 2466 plebe
1223 2414 1357 2467 quasi
1373 2418 1489 2456 tota.

225 2478 473 2520 vacabant
492 2478 650 2531 itaque
672 2477 800 2519 Scoti
819 2477 1040 2520 incendiis
1062 2483 1108 2520 et
1129 2479 1304 2533 rapinis
1325 2492 1353 2521 a
1373 2480 1491 2522 festo

224 2545 372 2588 sancti
397 2544 536 2586 Lucae
567 2557 714 2598 usque
745 2544 804 2586 ad
829 2543 994 2586 festum
1028 2546 1178 2587 sancti
1212 2545 1423 2597 Martini,
1445 2551 1492 2589 et

273 2690 283 2710 ¹
307 2691 318 2709 ‘
338 2691 420 2723 villa
454 2691 497 2722 de
532 2690 728 2732 Berwyke,'
767 2690 842 2722 MS.
925 2688 938 2707 ³
962 2691 1151 2731 Rothbury,
1181 2692 1216 2723 in
1252 2692 1496 2725 Northumber·

226 2738 317 2770 Cott.
327 2739 432 2778 Vesp.
878 2737 972 2769 land.

925 2781 938 2802 ⁴
962 2783 1157 2816 ‘exerceret
1179 2783 1281 2825 illos,’
1303 2784 1380 2817 MS.
1407 2784 1497 2817 Cott.

275 2828 288 2846 ²
309 2830 319 2847 ‘
334 2827 507 2871 venirent,'
525 2831 601 2863 MS.
620 2830 708 2863 Coll.
724 2831 820 2862 Trin.
878 2830 955 2862 Tib.

1500 1732 1666 1760 umberland
1673 1750 1679 1757 .
