1992 3202
482 266 707 298 WALTER!
741 266 803 296 DE
835 266 1213 298 unmmcssuncfl.
1423 254 1482 297 73

216 369 502 411 suburbanas
537 370 876 422 accendebant;
924 371 991 412 ita
1021 370 1144 425 quod
1183 370 1230 411 in
1274 369 1377 424 ipso
1407 369 1481 411 die
1511 381 1680 440 ξᾱῧοιιῖθὲ.

215 434 246 476 J
250 436 350 477 ovis
380 440 528 478 totum
549 437 682 490 quasi
708 437 975 478 suburbium
996 450 1142 479 vorax
1167 436 1353 478 flamma
1372 449 1481 477 con·
1498 431 1606 495 wssri'n
1680 432 1686 438 ’

215 502 426 556 sumpsit.
498 503 587 545 Die
620 507 773 545 autem
812 502 1025 554 Veneris,
1061 517 1166 545 cum
1200 503 1357 544 urbem
1389 502 1482 543 sor·
1499 504 1637 535 G³⁸⁰⁰¹¹5·

216 567 439 610 tissimam
489 569 636 611 nostri
680 568 1023 623 ‘expugnare’l
1058 582 1150 611 non
1189 574 1392 623 possent,
1427 581 1482 610 eo

215 634 340 686 quod
385 634 562 688 ligneas
610 635 844 677 machinas
879 649 972 677 non
1010 635 1247 686 haberent,
1289 634 1482 689 profecti

217 706 327 741 sunt
376 714 523 755 usque
576 702 771 755 Langon
813 701 937 743 ultra
984 700 1226 756 ‘Ryons’2
1263 714 1346 755 per
1389 705 1482 743 tres

217 766 387 818 leucas,
445 768 524 809 ubi
573 768 784 809 dominus
821 767 943 809 villae
995 767 1201 822 ejusdem
1238 768 1285 808 in
1325 780 1481 808 eorum

219 832 434 885 adventu,
480 833 672 875 Francis
711 833 942 886 effugatis,
987 833 1176 875 tradidit
1214 833 1280 874 eis
1324 834 1479 875 villam

216 898 423 949 liberam,
447 906 493 941 et
511 900 676 941 morati
695 904 804 940 sunt
838 898 1005 940 ibidem
1035 912 1117 953 per
1148 905 1242 940 tres
1264 898 1378 949 dies,
1400 900 1483 940 mi-

219 969 469 1019 seruntque
504 964 686 1006 interim
728 965 786 1006 ad
831 964 1052 1006 Sanctum
1092 963 1398 1015 Macharium‚
1431 970 1483 1006 ut

219 1030 376 1072 villam
396 1031 654 1073 redderent.
717 1030 783 1073 At
812 1031 896 1081 illi,
918 1030 1075 1084 petitis
1096 1037 1142 1072 et
1163 1031 1363 1072 obtentis
1402 1032 1483 1072 tri-

217 1096 429 1139 dualibus
463 1097 673 1148 induciis,
696 1097 918 1139 miserunt
939 1097 1253 1150 Burdegalim,
1274 1102 1327 1139 ut
1347 1098 1480 1139 auxi-

217 1163 329 1204 lium
367 1165 615 1215 mitterent,
649 1169 710 1214 et,
747 1168 936 1217 accepto
971 1176 1192 1217 responso
1234 1164 1358 1217 quod
1390 1178 1481 1206 non

218 1236 425 1283 possent,
458 1230 742 1272 tradiderunt
776 1243 825 1272 se
860 1230 1029 1272 nostris
1062 1234 1109 1272 et
1140 1230 1296 1271 villam
1330 1231 1480 1272 reddi-

218 1296 398 1338 derunt.
469 1296 740 1339 Castrenses
792 1301 944 1338 tamen
982 1301 1226 1338 tenuerunt
1263 1301 1480 1348 castrum,

219 1367 266 1403 et
287 1363 463 1404 obsessi
495 1368 602 1404 sunt
636 1376 665 1404 a
700 1363 869 1405 nostris
891 1363 1036 1405 tribus
1072 1363 1353 1413 ebdomadis,
1390 1377 1481 1405 non

218 1433 372 1470 tamen
401 1429 668 1482 expugnati.
739 1429 929 1471 Interim
955 1442 1063 1470 vero
1087 1435 1312 1471 venerunt
1347 1430 1480 1483 quin—

218 1507 308 1548 que
347 1496 598 1548 burgenses
638 1495 1008 1549 Burdegalenses
1040 1495 1098 1536 ad
1130 1495 1362 1536 dominum
1388 1495 1480 1537 Ed-

218 1561 455 1612 muudum,
507 1561 749 1616 loquentes
809 1566 988 1604 secreto
1048 1567 1095 1603 et
1154 1568 1482 1615 componentes

218 1640 323 1668 cum
358 1641 412 1669 eo
453 1641 537 1682 pro
575 1628 821 1682 quinquies
858 1628 984 1669 mille
1026 1627 1154 1669 libris
1195 1628 1390 1681 argenti,
1430 1634 1482 1670 ut

206 1694 451 1736 civitatem
511 1695 903 1749 Burdegalensem
955 1694 1101 1736 eidem
1151 1695 1386 1736 traderent
1435 1694 1483 1736 in

218 1773 388 1802 aurora
423 1774 451 1802 a
488 1762 701 1803 secundae
739 1761 829 1803 diei
866 1762 989 1812 dato,
1019 1774 1124 1802 cum
1151 1760 1237 1802 hoc
1272 1762 1405 1814 signo
1435 1766 1482 1803 et

216 1827 332 1869 inito
368 1833 523 1881 pacm,
556 1833 609 1870 ut
641 1841 744 1870 cum
775 1832 930 1870 essent
959 1828 1116 1869 urbem
1153 1828 1349 1881 ingressi
1377 1840 1483 1881 par-

217 1898 375 1935 cerent
398 1894 624 1936 universis
652 1895 731 1948 qui
761 1895 895 1948 signo
926 1893 1084 1936 Sancti
1112 1893 1304 1947 Georgii
1330 1894 1480 1935 muni-

218 1965 387 2002 rentur.
469 1960 686 2015 Dumque
728 1965 1071 2003 reverterentur
1113 1960 1171 2002 ad
1213 1961 1373 2002 urbem
1411 1960 1480 2001 illi

218 2027 436 2081 quinque,
454 2027 625 2081 proditi
645 2032 768 2077 sunt,
791 2027 916 2080 capti
939 2031 985 2067 et
1004 2026 1291 2076 incarcerati,
1311 2031 1357 2068 et
1374 2031 1481 2079 post

218 2092 314 2134 dies
360 2106 533 2147 paucos
587 2093 807 2147 patibulis
862 2092 1088 2145 suspensi.
1174 2092 1481 2134 Venientibus

219 2164 374 2199 autem
407 2159 577 2200 nostris
609 2164 661 2200 ut
695 2158 1045 2212 ingrederentur
1081 2157 1138 2199 ad
1175 2158 1372 2208 libitum,
1411 2171 1482 2199 re-

218 2224 340 2278 pulsi
363 2230 471 2266 sunt
497 2238 526 2266 a
548 2225 741 2275 civibus,
766 2225 845 2278 qui
869 2237 1026 2266 eorum
1050 2224 1296 2265 adventum
1320 2227 1332 2246 ‘
1343 2223 1481 2279 jam’³

217 2297 645 2344 praecognoverant,
670 2296 716 2333 et
740 2289 996 2332 firmissime
1029 2290 1290 2332 clauserant
1321 2295 1481 2344 portas

217 2357 446 2406 civitatis3
481 2358 687 2411 initoque
727 2356 935 2407 consili0‚
980 2369 1084 2398 cum
1126 2370 1175 2398 se
1215 2356 1376 2398 illusos
1414 2357 1482 2398 sic

215 2429 561 2475 cognoscerent,
590 2437 674 2465 nec
708 2436 918 2465 securum
952 2422 1174 2464 haberent
1209 2423 1360 2464 locum
1388 2435 1480 2476 quo

217 2489 516 2541 declinarent,
536 2490 729 2544 profecti
751 2495 858 2531 sunt
892 2502 1048 2531 omnes
1069 2502 1214 2543 usque
1239 2489 1405 2543 Bayun
1434 2494 1482 2531 et

217 2555 464 2598 honorifice
494 2557 697 2611 suscepti
744 2560 866 2598 sunt.
935 2555 1002 2597 At
1033 2556 1112 2597 ubi
1142 2555 1353 2597 dominus
1386 2554 1479 2596 Ed-

910 2681 924 2700 ²
946 2684 955 2701 ‘
968 2683 1131 2724 Ryovus,’
1158 2684 1258 2716 MSS.
1274 2684 1400 2718 Lansd.
1414 2684 1482 2716 and

863 2730 953 2764 cott.
964 2731 1040 2762 Tib.
1054 2741 1064 2769 ;
1088 2730 1143 2762 hic
1159 2734 1193 2762 et
1208 2731 1345 2770 passim.

909 2775 922 2795 ³
947 2777 1112 2817 Supplied
1130 2776 1213 2809 from
1230 2777 1304 2809 MS.
1315 2777 1440 2810 Lansd.

261 2704 270 2723 ¹
295 2704 533 2747 ‘oppugnare,’
588 2707 688 2741 MSS.
742 2707 829 2740 Con.

213 2752 307 2784 Arm.
323 2754 389 2784 and
407 2754 496 2786 Cott.
511 2754 588 2786 Tib.
