1992 3202
497 277 724 310 WALTEm
759 278 821 308 DE
855 277 1228 309 1113M1Ncnuncn.
1435 265 1493 306 69

223 395 283 423 ex
313 394 590 437 unoquoque
624 382 744 424 enim
774 382 978 436 capitulo
1013 380 1264 434 cathedrali
1292 379 1365 422 vel
1396 379 1489 420 col·
1524 388 1690 447 Ξᾶὸωιῖυέ.

221 448 394 502 legiato
417 462 500 503 per
522 454 668 491 totam
689 448 926 502 Angliam,
946 449 1130 491 nomine
1155 446 1489 502 procurationis
1552 441 1559 448 ’
1596 441 1603 447 ”
1688 441 1694 448 ’

221 520 268 556 et
287 528 612 569 expensarum,
636 528 719 557 sex
738 528 918 557 marcas
948 515 1126 569 argenti
1145 514 1420 563 habuerunt,
1442 518 1488 554 et

220 580 306 622 hoc
327 594 387 622 ex
410 582 705 624 concessione
729 581 901 637 papali,
922 588 1092 636 praeter
1109 580 1202 622 alia
1223 583 1236 602 ‘
1251 578 1486 622 donaria*

220 642 382 690 mul'ta.
453 648 514 690 Et
536 648 613 689 ubi
641 647 917 702 ‘capitula'¹
958 648 1275 701 religiosorum
1314 659 1485 700 paupe—

219 726 319 755 rum
366 714 437 756 vel
487 720 751 763 sanctarum
793 714 1058 756 monialium
1104 718 1293 767 propter
1335 713 1485 754 tenui-

219 784 363 822 tatem
392 793 484 822 non
515 779 775 823 sufficerent
811 793 894 834 per
925 793 991 830 se,
1021 779 1392 834 adjungebantur
1420 779 1486 820 eis

217 846 388 887 circum
419 846 682 901 adjacentes
705 846 910 888 ecclesiae
934 845 1239 899 parochiales,
1270 845 1328 887 ad
1361 845 1484 886 solu-

215 912 387 954 tionem
407 912 739 966 peragendam;
773 912 840 954 ita
861 912 984 966 quod
1006 911 1173 966 papale
1195 911 1484 966 privilegium

215 991 307 1019 non
341 983 597 1020 remaneret
626 991 841 1029 vacuum,
876 991 959 1020 nec
998 978 1211 1020 deficeret
1244 977 1406 1019 obolus
1437 978 1484 1018 in

215 1057 411 1087 summa.
481 1044 703 1099 Sequenti
724 1058 831 1087 vero
867 1057 989 1087 anno
1023 1039 1241 1086 reversus
1270 1048 1342 1086 est
1364 1057 1481 1085 unus
1500 1055 1699 1089 'rhenmpemr

215 1123 390 1162 eorum,
442 1124 546 1153 cum
587 1116 708 1153 esset
748 1117 858 1153 tunc
900 1124 981 1153 rex
1022 1112 1068 1152 in
1107 1123 1274 1165 guerra
1313 1110 1480 1153 Scotiae
1497 1090 1681 1149 ffifffffffissny

214 1178 337 1231 apud
362 1177 605 1233 Berewyk,
637 1183 689 1220 ut
724 1178 780 1220 de
811 1178 1061 1232 praemissis
1094 1190 1363 1231 responsum
1402 1190 1479 1219 ac-
1497 1157 1687 1190 mkepem'

212 1244 400 1297 ciperet,
434 1250 479 1286 et
513 1244 695 1286 interim
730 1244 859 1286 missi
894 1244 1047 1286 nuncii
1084 1244 1142 1285 ad
1178 1240 1334 1298 regem
1367 1242 1478 1286 Ale-

212 1310 378 1352 maniae
397 1311 569 1366 reversi
591 1316 717 1362 sunt,
742 1311 1014 1352 nunciantes
1046 1310 1168 1364 quod
1204 1323 1287 1352 nec
1315 1323 1476 1364 pacem

211 1376 359 1419 voluit
402 1390 485 1419 nec
522 1377 666 1418 ullum
708 1390 926 1428 amorem,
958 1372 1115 1432 sicque
1157 1390 1369 1419 reversus
1407 1382 1478 1419 est

209 1442 288 1484 ille
322 1443 568 1484 cardinalis
593 1443 763 1485 infecto
799 1443 1001 1497 negotio.
1073 1443 1282 1498 Reliquit
1320 1449 1475 1486 tamen

208 1507 376 1550 ibidem
399 1514 505 1551 octo
527 1522 746 1564 personas
769 1522 828 1551 ex
849 1510 945 1551 suis
964 1510 1233 1552 interfectos
1257 1523 1285 1551 a
1308 1510 1475 1560 Scotis,

208 1577 221 1596 ‘'
237 1575 316 1629 qui
343 1574 528 1630 quum'²
556 1576 614 1617 ad
642 1576 940 1630 quaerendum
963 1576 1136 1618 foenum
1155 1581 1201 1618 et
1222 1577 1379 1630 paleas
1401 1576 1474 1618 die

208 1641 409 1695 quadam
441 1655 546 1684 cum
577 1643 679 1684 aliis
717 1643 1066 1697 processissent,
1094 1648 1141 1684 et
1160 1643 1345 1685 incaute
1368 1656 1471 1697 pro-

206 1708 436 1759 cederent,
459 1722 487 1750 a
508 1708 659 1751 Scotis
691 1710 983 1763 circumsepti
1010 1714 1117 1751 sunt
1152 1714 1199 1751 et
1230 1710 1473 1751 interfecti.

208 1773 474 1829 Iterumque
496 1788 724 1830 expensas
753 1776 932 1830 accepit
965 1776 1086 1817 idem
1119 1776 1378 1827 cardinalis,
1411 1776 1474 1817 vi-

204 1840 384 1891 delicet,
416 1842 667 1884 secundum
696 1843 981 1884 taxationem
1013 1842 1393 1897 wyntoniensem
1428 1848 1475 1884 et

207 1899 589 1958 Lincolniensem‚
602 1909 658 1950 de
677 1922 955 1963 unaquaque
978 1922 1131 1950 marca
1150 1920 1222 1950 111.
1246 1909 1474 1951 denarios.

205 1973 380 2015 Eodem
401 1987 521 2016 anno
541 1975 689 2016 clerus
705 1975 943 2027 decimum,
963 1975 1087 2016 cives
1106 1980 1306 2025 sextum,
1329 1988 1473 2029 popu-

204 2038 277 2081 lus
304 2040 623 2083 duodecimum
644 2042 882 2084 denarium
909 2042 1030 2095 ‘regi
1054 2041 1379 2084 contulerunt.’
1397 2040 1412 2062 ³

554 2189 665 2231 Obiit
687 2189 887 2231 Robertus
907 2190 956 2232 de
975 2190 1130 2244 Bruys.

273 2287 448 2330 Eodem
470 2301 592 2330 anno
612 2289 658 2329 in
682 2294 804 2330 terra
827 2301 912 2330 sua
929 2288 1082 2331 Vallis
1099 2287 1324 2331 Anandiae
1349 2291 1470 2344 apud
1489 2305 1625 2365 ssfisstsstd

206 2354 508 2408 Loghmaban
550 2355 664 2397 obiit
703 2355 869 2396 nobilis
902 2354 980 2396 ille
1015 2356 1087 2396 vir
1121 2355 1331 2396 dominus
1375 2356 1472 2398 Ro-
1489 2372 1591 2398 eruce.

203 2422 359 2463 bertus
391 2420 448 2462 de
482 2421 634 2475 Bruys
663 2427 872 2476 quartus,
896 2422 942 2462 in
970 2421 1116 2463 Coena
1150 2422 1354 2473 Domini,
1376 2423 1469 2477 qui,
1487 2447 1644 2480 mmm,

194 2492 252 2539 *ut
274 2487 486 2541 superius
509 2493 683 2529 tactum
706 2493 792 2538 est,
816 2488 938 2529 circa
972 2489 1306 2530 successionem
1339 2491 1470 2542 regni
1488 2481 1585 2507 ”³⁰¹¹
1598 2483 1642 2510 ³¹·

247 2624 256 2643 ¹
281 2627 448 2668 Supplied
463 2627 547 2659 from
562 2627 639 2660 MS.
655 2628 779 2661 Lansd.

246 2667 260 2686 ²
282 2675 339 2705 Sic
358 2674 434 2706 MS.
463 2673 552 2706 Coll.
570 2674 685 2714 Trin.;
711 2675 818 2717 ‘qui‚'
898 2675 912 2694 ³
936 2677 946 2694 ‘
963 2678 1057 2717 regni
1096 2678 1333 2721 contulerunt,’
1395 2682 1470 2715 MS.

200 2720 301 2752 MSS.
322 2720 409 2753 Coll.
426 2720 521 2755 Arm.
537 2721 604 2752 and
620 2720 708 2754 Cott.
719 2723 817 2763 Tib.;
852 2722 978 2755 Lansd.

198 2767 208 2784 ‘
220 2767 279 2807 qui
293 2766 429 2809 tamen,'
446 2767 520 2800 MS.
537 2767 666 2799 Lansd.
