2004 3272
388 321 614 351 WAL'rmu
653 322 714 351 DE
745 322 1120 354 HEMmGBUReH.
1320 312 1376 352 19

113 422 402 465 Gis'eburniae
431 437 534 465 cum
563 424 692 465 libris
723 425 968 479 theologiae
1001 426 1156 468 multis
1193 431 1240 467 et
1273 439 1375 480 pre·
1409 438 1570 496 {agarldng

109 489 382 540 tiosissimis,
408 501 479 532 lx.
506 490 740 541 calicibus,
768 492 1069 543 vestimentis,
1098 492 1374 545 imaginibus
1390 489 1579 552 Th'ec‘hmh'

109 557 406 609 sumptuosis,
434 569 582 598 vorax
615 557 800 599 flamma
821 559 1117 612 consumpsit.
1179 559 1242 600 Et
1266 559 1376 612 quia
1388 560 1590 624 ggffiffifby

110 623 345 674 praeterita
381 622 547 664 futuris
582 623 695 664 dant
728 623 922 666 formam
961 625 1172 678 negotiis,
1205 624 1375 666 idcirco
1389 626 1588 691 ffirybffgf‘dayr

107 687 345 729 infortunii
362 701 536 739 casum,
555 694 607 731 ut
626 689 888 744 hujusmodi
914 703 1049 731 casus
1072 691 1118 731 in
1137 695 1374 745 posterum

107 752 379 804 declinetur,
420 756 636 808 praesenti
668 756 889 809 opusculo
922 756 1037 797 duxi
1067 756 1373 798 inserendum.

110 819 198 860 Die
226 820 346 860 enim
380 820 617 874 praedicto,
648 822 727 874 qui
760 821 942 874 quidem
962 827 1063 862 erat
1085 827 1303 863 ventosus
1327 828 1374 864 et

107 885 239 926 nobis
262 886 427 935 malus,
455 887 662 927 ascendit
693 887 976 939 plumbarius
1008 887 1248 928 ecclesiam
1268 901 1372 928 cum

106 949 285 992 duobus
314 952 605 1003 garcionibus
633 952 747 1001 suis,
768 958 820 993 ut
840 952 1068 994 foramina
1095 953 1271 1006 plumbi
1292 967 1371 995 ve-

108 1017 217 1057 teris
244 1017 301 1058 de
329 1030 449 1059 novo
476 1022 644 1058 stanno
664 1018 987 1068 consolidaret,
1011 1019 1134 1060 sicut
1162 1032 1245 1073 per
1274 1019 1372 1061 dies

106 1082 284 1135 aliquot
301 1096 361 1123 ex
375 1083 674 1137 dispositione
690 1084 812 1126 mala
820 1084 1097 1139 jamdudum
1108 1085 1343 1139 inceperat
1357 1103 1369 1133 ;

105 1149 411 1202 apposuitque
434 1149 629 1203 patellas
649 1163 758 1191 suas
779 1151 950 1192 ferreas
971 1164 1075 1193 cum
1097 1152 1373 1193 carbonibus

107 1219 154 1255 et
173 1215 280 1267 igne
300 1215 347 1255 in
373 1216 613 1257 ruderibus
634 1217 732 1258 sive
763 1217 982 1269 gradibus
1006 1217 1178 1258 excelsi
1202 1218 1369 1271 operis,

51 1329 57 1334 Ι
105 1293 244 1333 super
259 1281 386 1334 ligna
405 1282 542 1332 sicca,
558 1283 752 1323 ‘trabas'
764 1282 776 1304 ¹
793 1283 989 1336 aliquas,
1003 1289 1050 1325 et
1065 1288 1234 1325 caetera
1249 1297 1370 1337 quae-

105 1359 195 1399 que
224 1348 503 1398 cremabilia,
534 1353 581 1389 et
606 1362 665 1389 ex
695 1354 826 1403 parte
857 1349 1142 1390 meridionali
1169 1350 1216 1390 in
1237 1362 1373 1391 cruce

105 1413 310 1465 corporis
328 1414 472 1467 ipsius
493 1414 695 1455 ecclesiae
729 1415 777 1455 in
808 1428 901 1468 qua
927 1419 1027 1456 erat
1048 1420 1212 1458 ventus
1235 1428 1373 1457 urens

106 1483 152 1519 et
173 1478 373 1531 perflans
394 1492 422 1520 a
445 1480 645 1521 meridie.
708 1479 917 1534 Cumque
940 1482 1186 1523 mansisset
1206 1482 1372 1522 ibidem

105 1556 251 1598 usque
265 1550 372 1598 post
391 1545 577 1586 missam
593 1545 639 1586 in
658 1558 796 1598 opere
811 1559 912 1596 suo,
933 1546 1170 1588 descendit
1186 1547 1370 1588 tandem

106 1616 212 1652 ante
236 1611 573 1664 processionem
594 1616 861 1661 conventus,
877 1612 1066 1654 credens
1082 1614 1374 1666 garcionibus

106 1676 260 1728 ignem
300 1677 661 1730 extinguendum
681 1691 693 1730 3
749 1682 799 1719 at
847 1678 914 1719 illi
964 1679 1056 1720 cito
1108 1684 1216 1733 post
1271 1692 1374 1720 eum

106 1742 458 1793 descenderunt,
488 1744 596 1796 igne
629 1757 720 1785 non
747 1744 880 1797 plene
916 1745 1139 1795 extincto,
1163 1758 1374 1787 reaccen-

107 1822 279 1862 susque
316 1814 386 1850 est
419 1810 540 1862 ignis
579 1811 626 1850 in
668 1811 960 1860 carbonibus,
1003 1815 1064 1861 et,
1107 1812 1275 1865 partim
1314 1825 1371 1852 ex

106 1874 259 1916 calore
306 1875 416 1916 ferri
466 1877 633 1929 partim
686 1890 746 1918 ex
806 1877 1046 1930 sparsione
1109 1878 1374 1927 carbonum,

107 1941 303 1994 sumpsit
327 1954 377 1982 se
397 1942 517 1994 ignis
537 1942 583 1983 in
606 1942 823 1984 inferiora
839 1943 966 1996 ligna
990 1947 1036 1985 et
1058 1948 1227 1985 caetera
1248 1956 1374 1996 quae-

106 2019 196 2060 que
220 2008 497 2057 cremabilia,
525 2021 617 2061 quo
641 2009 822 2062 incepto
845 2009 1097 2051 resolutum
1127 2014 1198 2051 est
1227 2010 1376 2063 plum-

106 2073 214 2113 bum
245 2077 291 2114 et
321 2086 525 2115 accensae
555 2079 661 2115 sunt
690 2074 860 2116 tabulae
887 2088 1026 2128 super
1046 2076 1189 2129 tigna,
1212 2075 1374 2116 deinde

105 2139 249 2180 crevit
268 2139 316 2180 in
337 2140 608 2181 immensum
629 2145 676 2182 et
697 2141 982 2194 consumpsit
1008 2141 1161 2182 omnia
1178 2157 1190 2188 ;
1223 2145 1270 2182 et
1289 2154 1373 2194 pro

106 2209 236 2245 tanto
252 2205 451 2259 dampno
470 2211 516 2246 et
534 2206 720 2260 jactura
741 2219 832 2246 non
849 2206 1042 2256 modica,
1060 2207 1173 2260 ipsis
1194 2206 1372 2260 fugien-

106 2271 243 2320 tibus,
268 2284 358 2312 non
382 2271 486 2324 plus
507 2272 742 2312 consecuti
769 2284 927 2313 sumus
951 2273 1038 2313 nisi
1058 2272 1250 2325 vulgare
1274 2286 1372 2313 ver-

109 2337 232 2387 bum,
279 2340 308 2358 “
326 2336 450 2388 Quid
491 2338 621 2391 potui
662 2339 778 2391 ego?
794 2337 846 2360 ”²
901 2337 1036 2379 Unde
1082 2350 1372 2380 successores

106 2403 153 2442 in
172 2407 406 2456 posterum
431 2416 488 2444 ex
514 2408 674 2445 nostra
694 2404 975 2457 negligentia
988 2404 1169 2445 discant
1190 2404 1372 2446 cautius

105 2469 191 2509 sibi
214 2467 487 2522 providere.³
548 2469 722 2511 Eodem
752 2483 874 2511 anno
896 2470 1131 2510 maritavit
1152 2483 1235 2511 rex
1257 2470 1372 2511 duas
1404 2484 1573 2510 A.D.1290‚

154 2640 162 2658 ¹
186 2645 218 2673 A
243 2642 408 2673 medieval
432 2642 515 2673 form
533 2641 570 2672 of
586 2642 720 2673 trabes:
801 2639 815 2659 ³
837 2642 899 2672 We
929 2641 1022 2672 learn
1052 2641 1097 2681 by
1125 2641 1182 2672 the
1213 2641 1308 2673 Rolls
1338 2643 1377 2674 of

107 2688 182 2720 MS.
199 2688 290 2720 Cott.
306 2689 382 2720 Tib.
397 2688 496 2719 reads
512 2687 675 2720 ‘turbas.'
756 2688 976 2727 Parliament,
1006 2690 1046 2719 18
1070 2688 1135 2719 Ed.
1162 2687 1207 2727 1.,
1233 2687 1306 2719 that
1330 2698 1373 2720 on

151 2734 164 2752 ²
187 2735 303 2767 ‘Quid
339 2735 435 2774 potui
464 2731 610 2774 Oyghe,’
643 2734 719 2766 MS.
755 2739 898 2765 account
920 2733 958 2765 of
984 2734 1050 2765 this
1078 2733 1292 2766 unfortunate
1316 2735 1374 2766 de-

105 2780 192 2812 Coll.
234 2781 329 2812 Arm.
381 2781 390 2797 ‘
418 2781 513 2813 Quid
549 2781 721 2820 potuimus
754 2781 916 2811 struction
938 2780 976 2811 of
993 2780 1080 2812 their
1102 2783 1303 2821 monastery,
1317 2781 1374 2812 the

107 2826 230 2866 Eygb,'
246 2827 322 2859 MS.
338 2826 426 2859 Cott.
441 2827 517 2859 Tib.
757 2827 848 2866 King
863 2826 1002 2866 granted
1024 2826 1080 2858 the
1105 2827 1196 2866 prior
1217 2827 1283 2858 and
1298 2837 1375 2859 con-

1170 2892 1234 2921 02
