2038 3306
376 442 495 468 Edward
508 442 532 467 1.

372 476 408 502 A.
418 476 452 502 D.
467 475 542 501 129⁶.

358 530 481 561 Sundny,

358 564 433 590 June
446 564 488 588 24.

363 770 451 795 Balio}
463 776 527 794 sues

361 804 403 829 sor
415 810 508 835 peace,

367 2147 422 2171 and
435 2147 542 2178 resigns

368 2180 412 2205 his
419 2179 563 2212 kingdom.

572 315 657 357 106
1061 324 1338 355 cnnomcou

571 430 656 470 bus
681 433 727 469 et
752 427 944 480 triginta
973 425 1178 480 peditum
1204 426 1405 468 millibus
1441 426 1821 478 Hibernicorum;

573 500 619 536 et
639 493 869 548 profectus
890 497 960 534 est
985 505 1067 534 rex
1089 505 1234 546 usque
1256 492 1413 534 villam
1432 493 1500 535 sic
1521 493 1692 534 dictam
1714 493 1823 533 villa

575 559 732 601 Sancti
749 559 779 601 J
784 558 989 608 ohannis,
1012 557 1161 599 ‘ubi'¹
1183 559 1230 599 in
1247 559 1490 600 nativitate
1507 559 1631 600 beati
1651 558 1680 600 J
1686 558 1825 600 ohan-

575 626 644 667 nis
669 625 895 678 Baptistae
919 623 1026 665 fecit
1050 637 1195 666 novos
1223 624 1390 665 milites
1411 628 1459 665 et
1488 624 1825 666 solemnitatem

576 703 805 743 magnam,
844 690 1101 743 mansitque
1142 690 1308 731 ibidem
1351 689 1510 730 diebus
1550 689 1739 743 aliquot,
1779 694 1826 731 et

577 762 796 799 venerunt
833 756 892 798 ad
931 769 1035 797 eum
1076 756 1230 797 nuncii
1275 768 1335 797 ex
1374 760 1507 809 parte
1540 756 1662 808 regis
1695 755 1826 796 Scot-

578 836 707 864 orum
737 822 1023 876 postulantes
1053 834 1213 876 pacem
1243 835 1303 863 ex
1341 821 1521 863 nomine
1558 822 1658 876 ejus
1688 833 1827 875 quam

578 902 722 942 nuper
750 889 1065 938 exhorruerat,
1094 888 1360 943 adjicientes
1390 892 1443 929 ut
1474 900 1567 928 non
1595 887 1766 928 faceret
1788 887 1829 927 ei

580 954 827 996 secundum
868 954 1045 1004 merita,
1077 954 1157 996 sed
1196 953 1442 995 secundum
1481 966 1609 994 suam
1653 953 1828 994 miseri-

582 1020 784 1062 cordiam
834 1021 1076 1073 benignam
1119 1020 1208 1061 sibi
1257 1032 1416 1074 pacem
1463 1025 1473 1042 ‘
1497 1016 1830 1061 concederet.'²

584 1086 690 1128 Rex
731 1099 839 1128 vero
885 1091 1055 1136 noster,
1098 1086 1264 1127 delicta
1307 1099 1399 1127 non
1441 1085 1699 1139 ponderans
1749 1084 1829 1125 sed

581 1152 930 1194 misericorditer
959 1164 1116 1205 agens,
1147 1151 1394 1193 elementer
1421 1151 1671 1204 respondit,
1702 1150 1825 1204 quod

581 1218 698 1258 infra
728 1229 808 1258 xv,
834 1218 930 1258 dies
953 1218 1128 1258 veniret
1151 1217 1249 1270 ipse
1279 1230 1360 1258 rex
1392 1216 1559 1257 Scotiae
1583 1230 1685 1257 cum
1715 1217 1831 1269 opti-

580 1283 779 1324 matibus
814 1283 909 1323 suis
942 1283 1000 1323 ad
1033 1287 1234 1323 castrum
1275 1282 1331 1323 de
1367 1280 1608 1336 Brighyn,³
1641 1282 1697 1323 de
1728 1282 1831 1336 ipsa

579 1349 706 1401 pacis
747 1348 894 1389 forma
935 1347 1177 1388 tractaturi
1218 1360 1321 1388 cum
1360 1348 1454 1388 suis
1497 1347 1674 1388 nunciis
1714 1361 1831 1401 quos

578 1414 799 1454 missurus
831 1417 945 1454 erat.
1014 1412 1232 1466 Cumque,
1252 1414 1486 1455 venissent
1514 1414 1578 1454 ibi
1616 1427 1715 1463 rex,
1743 1414 1832 1454 sci-

578 1479 686 1520 licet
726 1479 911 1529 Scotiae,
947 1485 992 1520 et
1027 1483 1219 1531 uterque
1264 1479 1501 1521 ‚Iohannes
1546 1478 1739 1533 Comyn,
1775 1479 1831 1520 de

580 1545 823 1586 Badenach
837 1545 1008 1589 scilicet
1023 1550 1070 1586 et
1084 1544 1142 1586 de
1155 1548 1168 1566 ‘
1178 1543 1434 1598 Bughan,'4
1448 1546 1692 1599 caeterique
1705 1558 1833 1598 mag-

579 1615 709 1652 nates
734 1611 938 1665 ejusdem
962 1611 1107 1664 regni,
1130 1611 1344 1664 misitque
1364 1611 1532 1652 ibidem
1561 1625 1645 1652 rex
1678 1616 1834 1653 noster

581 1675 833 1718 Antonium
860 1677 1217 1718 Dunolmensem
1237 1678 1500 1731 episcopum
1523 1691 1625 1726 cum
1643 1678 1832 1719 consilio

580 1742 715 1795 pleno
750 1749 796 1784 et
832 1744 965 1797 plena
998 1748 1227 1796 potestate
1262 1744 1490 1784 tractandi
1522 1744 1757 1796 negotium
1787 1748 1834 1785 et

581 1808 735 1850 debito
765 1809 853 1850 fine
882 1809 1140 1859 claudendi,
1163 1814 1208 1851 et
1238 1822 1320 1863 per
1350 1810 1502 1851 varios
1530 1815 1758 1851 tractatus
1787 1815 1833 1852 et

581 1875 727 1916 multa
748 1875 974 1928 colloquia
994 1889 1085 1916 non
1111 1875 1198 1916 fuit
1221 1875 1314 1916 alia
1337 1875 1463 1928 pacis
1489 1875 1637 1917 forma
1666 1876 1753 1917 nisi
1774 1877 1833 1917 ab

581 1940 680 1992 ipso
723 1954 831 1993 rege
870 1941 1104 1994 resignato
1147 1955 1305 1994 regno,
1341 1946 1387 1982 et
1420 1941 1567 1983 fracto
1606 1942 1836 1983 communi

581 2006 751 2058 sigillo,
772 2007 961 2061 ipseque
980 2021 1063 2049 rex
1087 2012 1133 2049 et
1152 2007 1307 2049 caeteri
1326 2008 1397 2048 sui
1414 2008 1658 2061 optimates
1670 2009 1835 2050 volun-

582 2072 668 2113 tati
699 2073 819 2126 regis
849 2071 1035 2126 Angliae
1068 2086 1118 2114 se
1148 2074 1310 2115 darent
1331 2079 1377 2115 et
1400 2074 1655 2123 redderent,
1681 2074 1838 2116 condi-

582 2138 705 2179 tione
740 2139 867 2180 nulla
907 2140 1132 2193 apposita.
1204 2140 1522 2193 Feceruntque
1558 2140 1639 2190 sic,
1677 2145 1723 2182 et
1758 2140 1836 2181 de-

582 2203 746 2245 derunt
767 2218 816 2246 se
838 2205 1067 2246 voluntati
1094 2206 1215 2258 regis
1238 2205 1438 2258 Angliae,
1461 2211 1507 2247 et
1528 2206 1717 2248 tradidit
1739 2206 1837 2260 ipse

581 2282 664 2309 rex
685 2270 827 2312 filium
850 2284 983 2312 suum
1014 2271 1290 2313 Edwardum
1313 2272 1361 2312 in
1385 2271 1605 2320 obsidem,
1629 2277 1676 2314 et
1697 2285 1838 2325 regno

582 2334 749 2377 Scotiae
787 2337 1075 2379 renunciavit
1112 2351 1194 2391 per
1225 2338 1445 2391 scriptum
1484 2338 1532 2378 in
1565 2338 1663 2379 haec
1700 2339 1840 2379 verba

579 2407 866 2455 conceptum.

629 2569 636 2587 ¹
662 2573 811 2605 Omitted
827 2575 862 2605 in
877 2574 953 2607 MS.
971 2574 1058 2607 Coll.
1074 2575 1168 2606 Arm.
1273 2576 1286 2594 ³
1308 2574 1379 2605 The
1395 2574 1498 2605 castle
1514 2574 1551 2604 of
1572 2573 1717 2605 Brechin
1732 2575 1766 2605 in
1787 2574 1842 2606 the

1227 2623 1350 2659 county
1365 2620 1403 2651 of
1413 2619 1542 2659 Angus.

628 2661 640 2678 ²
660 2663 670 2680 ‘
682 2661 854 2706 crederet‚'
871 2664 946 2697 MS.
963 2664 1050 2697 Con.
1065 2665 1160 2697 Arm.
1275 2665 1285 2683 ⁴
1310 2669 1320 2684 ‘
1335 2666 1506 2707 Dughan,'
1523 2667 1597 2698 MS.
1609 2666 1697 2698 (btt.
1712 2666 1788 2698 Tib.
