1992 3202
509 261 567 303 96
1000 271 1279 302 οΗΒοΝιοοΝ

311 386 431 412 toward
445 387 469 412 1-
508 382 667 419 rerunt
689 378 845 430 itaque
872 376 931 417 ad
954 377 1104 430 ignem
1128 377 1278 428 multi,
1301 382 1348 419 et
1369 378 1505 431 pauci
1530 377 1587 418 ad
1612 382 1769 431 portas

308 420 343 445 Α.
353 420 389 445 D.
405 421 481 446 1296.

286 2087 406 2114 Edward

286 2128 392 2146 crosses
401 2121 450 2146 the

286 2155 398 2184 Tweed,

507 444 724 484 civitatis.
796 441 1014 483 Mulieres
1046 447 1214 493 tamen,
1241 444 1431 485 viriliter
1462 449 1668 496 agentes,
1696 448 1768 484 at-

506 509 710 550 tulerunt
742 508 917 561 lapides
937 513 981 549 et
1005 507 1298 562 projecerunt
1319 510 1366 550 in
1389 509 1560 558 hostes,
1584 510 1770 563 insuper

506 579 552 615 et
583 587 750 627 aquam
774 573 969 614 calidam
993 573 1264 614 effuderunt.
1334 574 1555 615 Extincto
1584 575 1767 615 tandem
1806 613 1808 615 ,

505 640 624 691 igne,
659 652 815 681 omnes
849 644 1022 680 extunc
1060 638 1338 680 unanimiter
1374 652 1423 680 se
1460 639 1682 681 dederunt
1720 641 1767 680 in

505 705 675 755 hostes,
700 710 746 747 et
775 705 916 746 muris
938 710 983 746 et
1008 705 1151 759 portis
1182 704 1487 746 adhaeserunt.
1562 704 1769 757 Contigit

506 776 661 812 autem
689 771 737 812 in
766 783 860 811 una
886 774 1021 824 porta
1051 770 1267 819 civitatis,
1301 770 1409 811 dum
1438 769 1593 811 hostes
1625 770 1767 823 ligna,

504 836 678 890 paleas,
713 841 759 878 et
787 849 980 890 quaeque
1012 836 1276 877 cremabilia
1309 835 1552 885 deferrent,
1582 840 1635 877 ut
1662 837 1768 889 igne

504 903 715 955 apposito
765 905 778 924 ‘
799 907 1035 955 portarum
1096 906 1274 955 pateret
1337 902 1587 954 ingressus,
1646 914 1765 942 unus

504 967 705 1009 hostium
753 968 952 1008 confisus
1009 968 1057 1008 in
1100 966 1251 1015 armis,
1296 967 1425 1007 cum'
1450 966 1463 987 ¹
1511 971 1656 1020 portae
1699 967 1766 1007 in-

505 1032 714 1083 haereret,
755 1033 940 1086 quidam
984 1046 1044 1074 ex
1091 1032 1277 1082 nostris,
1317 1045 1457 1086 supra
1499 1037 1678 1085 portam
1722 1033 1769 1073 in

504 1098 676 1139 tabulis
722 1098 949 1148 sedentes,
1010 1098 1223 1151 apposito
1276 1110 1395 1138 unco
1447 1097 1596 1139 ferreo
1643 1111 1766 1139 com-

503 1163 841 1215 prehenderunt
884 1177 988 1204 eum
1029 1163 1077 1203 in
1119 1162 1325 1215 scapula,
1367 1167 1413 1203 et
1454 1163 1767 1205 clamaverunt

503 1228 559 1269 ad
607 1229 846 1270 interiores
891 1228 1040 1269 socios
1090 1232 1141 1269 ut
1181 1240 1283 1268 eum
1331 1227 1637 1281 perfoderent,
1687 1230 1766 1282 qui

502 1293 659 1334 statim
706 1293 922 1347 apposita
971 1294 1134 1334 lancea
1179 1293 1509 1334 transfixerunt
1549 1307 1669 1344 eum,
1720 1301 1766 1336 et

501 1364 709 1400 mortuus
776 1364 861 1400 est.
955 1358 1106 1410 Quem
1172 1359 1568 1412 apprehendentes
1636 1361 1765 1411 socii,

502 1437 605 1465 cum
655 1429 668 1447 ‘
691 1423 942 1466 vidissent'
965 1423 981 1446 ⁹
1031 1428 1274 1474 mortuum,
1328 1425 1610 1478 planxerunt
1661 1439 1762 1466 eum

500 1490 689 1544 planctu
718 1503 888 1543 magno
920 1490 1070 1532 valde.
1133 1490 1246 1531 Erat
1276 1491 1411 1540 enim,
1433 1495 1486 1531 ut
1517 1491 1769 1542 dicebatur,

501 1568 621 1596 unus
658 1556 714 1597 de
756 1556 1055 1597 nobilioribus
1097 1556 1268 1597 ‘totius
1309 1555 1608 1597 Galwaliae.'³
1677 1557 1766 1598 Die

500 1634 611 1662 vero
647 1621 880 1670 Mercurii,
916 1634 1018 1662 cum
1049 1634 1098 1662 se
1129 1621 1336 1662 viderent
1371 1621 1624 1663 Scoti'non
1659 1636 1764 1676 pro-

500 1686 635 1728 ficere
664 1687 802 1728 immo
832 1686 979 1740 magis
1010 1687 1218 1735 deficere,
1248 1686 1534 1741 reliquerunt
1567 1688 1764 1729 obsidio-

501 1765 605 1793 nem
624 1752 869 1806 inceptam,
886 1757 932 1793 et
954 1753 1125 1794 reversi
1146 1756 1255 1793 sunt
1271 1752 1317 1793 in
1331 1752 1516 1794 Vallem
1541 1751 1765 1796 Anandiae

500 1818 620 1859 unde
643 1818 838 1872 digressi
860 1823 984 1860 sunt.

704 1964 904 2015 Quomodo
921 1964 1010 2006 Rem
1023 1969 1156 2006 noster
1174 1965 1279 2020 cepit
1297 1965 1566 2007 Berewikum.

570 2078 659 2119 Die
703 2077 923 2119 Mercurii
962 2077 1010 2119 in
1052 2077 1210 2119 eadem
1258 2078 1512 2120 ebdomada
1555 2078 1766 2130 Paschae,

500 2148 689 2198 peracta
740 2144 1030 2185 solemnitate
1088 2143 1306 2184 Paschali
1362 2145 1621 2186 reverentia
1672 2159 1765 2199 qua

501 2210 698 2260 deceret,
740 2223 824 2251 rex
868 2214 1025 2251 noster
1067 2222 1172 2250 cum
1219 2210 1425 2251 exercitu
1467 2223 1551 2251 suo
1595 2216 1764 2255 terram

501 2275 786 2317 inimicorum
825 2288 1013 2317 suorum
1049 2275 1285 2328 ingressus
1328 2280 1414 2325 est,
1454 2288 1619 2329 aquam
1661 2290 1765 2330 quae

501 2340 675 2382 Tweda
718 2341 885 2383 dicitur
917 2341 1199 2382 transeundo
1239 2341 1400 2382 subtus
1442 2343 1766 2383 monasterium

501 2411 764 2448 sanctarum
810 2407 1076 2448 monialium
1123 2406 1179 2447 de
1219 2405 1519 2456 Caldestrem,
1557 2412 1603 2447 et
1644 2420 1766 2461 aqua

500 2472 689 2513 nimium
747 2473 1002 2514 inundante
1058 2472 1190 2525 quasi
1242 2472 1519 2513 miraculose
1572 2474 1766 2526 contigit

501 2538 623 2591 quod
646 2551 738 2579 non
771 2538 909 2591 periit
938 2537 1026 2579 nisi
1045 2550 1160 2591 puer
1182 2549 1302 2577 unus
1326 2550 1409 2590 pro
1432 2538 1553 2578 omni
1578 2539 1764 2591 populo,

1180 2661 1209 2716 J
1230 2663 1418 2695 ‘vidissent
1447 2665 1549 2704 eum,'
1575 2665 1652 2698 MS.
1677 2666 1767 2699 Cott.

1147 2709 1240 2775 Τιξῖ
1253 2755 1470 2797 Galwydye,’
1486 2756 1563 2789 MS.
1578 2757 1667 2790 oott.
1676 2758 1750 2790 Tib.

545 2680 557 2701 ¹
584 2683 734 2715 Omitted
749 2685 784 2716 in
800 2686 899 2718 MSS.
916 2685 1003 2719 coll.
1020 2686 1114 2718 Arm.

502 2729 568 2759 and
584 2729 674 2762 Cott.
690 2731 767 2764 Tib.
