2038 3306
426 350 653 381 WAL'I'ERI
686 349 748 381 DE
779 350 1156 382 HEMINGBURGH.
1333 340 1421 382 423

161 459 207 496 et
241 454 339 496 sine
375 455 594 497 dilatione
627 455 784 509 aliqua
821 456 1013 498 classem
1062 459 1267 497 nostram
1316 466 1419 495 cum
1435 465 1555 492 naum
1578 463 1637 490 ιιι.

158 525 435 563 armatorum
467 522 613 575 copia,
646 522 754 576 quia
784 527 948 576 parata
978 526 1065 571 est,
1095 520 1336 575 completa,
1374 524 1421 561 et
1434 498 1617 578 ᾇῑὲῐζῗο

159 587 350 637 munita,
383 589 423 629 si
460 588 780 642 regrederetur
818 588 866 629 in
897 587 1118 641 Angliam
1153 600 1236 641 per
1275 598 1416 635 mare,
1435 586 1528 618 Phfflv
1540 586 1636 611 ‘'¹³‘’

1435 619 1463 644 K
1556 626 1571 643 ι

161 654 540 696 transmittemus.
612 654 792 696 Idcirco
822 654 938 696 enim
967 643 1299 708 negotiandu’m
1327 651 1418 693 fes·
1434 619 1619 717 ἓξῖἓέξὲᾒιὲῗ

162 719 305 760 tinate
340 724 386 761 et
415 720 798 762 damnificandum
829 720 1002 762 dictum
1029 732 1183 772 regem
1210 723 1415 760 nostrum
1434 719 1538 777 {¹233

161 785 392 827 inimicum
440 792 487 828 et
530 791 751 836 vestrum,
800 787 911 840 quia
952 786 991 827 si
1036 785 1270 838 negotium
1304 785 1420 826 bene
1434 784 1573 817 Enema-

160 864 465 906 manucapere
526 853 684 902 vultis,
739 852 985 894 destruetis
1038 856 1086 894 et
1138 850 1420 904 conquiretis

161 918 408 959 maximam
445 923 622 971 partem
658 918 820 972 patriae
865 930 976 960 suae.
1057 917 1119 959 Et
1166 917 1284 959 scire
1335 929 1421 958 nos

160 982 341 1024 faciatis
370 983 427 1025 de
457 984 589 1025 novis
619 984 822 1037 partium
853 988 1108 1025 vestrarum
1140 988 1187 1024 et
1217 983 1274 1024 de
1295 987 1421 1024 statu

162 1054 316 1090 vestro
351 1062 487 1103 quem
518 1061 787 1103 prosperum
816 1049 958 1090 faciat
989 1049 1217 1091 Dominus
1244 1053 1416 1089 noster.

161 1113 360 1168 Spiritus
380 1115 577 1157 Sanctus
599 1128 683 1157 vos
706 1115 938 1157 custodire
962 1115 1193 1168 dignetur.
1240 1114 1418 1156 Datum

161 1181 284 1234 apud
319 1180 541 1223 Sanctum
569 1181 831 1223 Dionisium
873 1182 919 1222 in
951 1181 1150 1223 Francia
1179 1191 1314 1222 xxu.
1342 1180 1416 1222 die

161 1247 191 1288 J
196 1246 291 1288 ulii.
355 1247 529 1289 Nostro
553 1248 789 1290 carissimo
810 1261 865 1289 ac
885 1247 1184 1289 dilectissimo
1219 1258 1416 1288 consan-

161 1314 331 1365 guineo
355 1314 454 1367 regi
478 1313 694 1356 Scotiae.'’

160 1461 346 1513 Qualiter
359 1461 449 1503 Rem
466 1461 631 1518 Anyliae
650 1467 687 1504 et
705 1462 904 1504 Franciae
925 1467 1019 1503 ante
1030 1459 1196 1502 Bellum
1216 1459 1265 1501 de
1289 1459 1422 1501 Cressa·

451 1533 589 1570 mutuo
609 1529 777 1571 Literas
797 1528 1127 1570 transmiserunt.

219 1643 326 1684 Rex
357 1642 476 1684 enim
509 1642 718 1684 Franciae
753 1642 996 1696 Philippus
1030 1640 1287 1694 Anglorum
1323 1641 1423 1694 regi

164 1709 394 1750 Edwardo
417 1714 526 1750 ante
548 1708 813 1750 conflictum
836 1708 893 1750 de
915 1708 1068 1750 Cressi
1093 1720 1175 1761 per
1205 1718 1295 1750 ΧΠ.
1327 1706 1424 1748 dies

159 1776 207 1816 in
251 1774 434 1816 Gallico
474 1775 731 1817 transmisit
780 1775 978 1826 literam,
1013 1779 1068 1816 ut
1111 1773 1424 1826 subsequitur,

161 1842 483 1883 continentem.

222 1907 524 1960 “Philippus‚
542 1905 631 1947 Dei
653 1907 821 1959 gratia,
840 1919 924 1947 rex
946 1905 1173 1954 Franciae,
1196 1904 1424 1947 Edwardo
1443 1919 1520 1951 Κίος
1533 1918 1600 1944 rm-

162 1973 262 2027 regi
283 1972 468 2026 Angliae
490 1972 699 2014 veritatis
717 1972 1040 2025 cognitionem.
1088 1971 1192 2013 Viis
1213 1971 1423 2012 omnibus
1441 1952 1598 2012 ῗξὶἓιιέιιῑιῗὲ

164 2045 211 2081 et
240 2039 387 2081 modis
418 2039 583 2092 quibus
613 2039 830 2092 potuistis
861 2038 959 2079 sine
989 2050 1131 2079 causa
1163 2037 1423 2079 rationabili
1441 2019 1568 2083 g‘ssfflssyj'*

165 2107 297 2147 nobis
320 2118 532 2159 guerram
555 2104 882 2154 commovistis,
906 2104 1130 2145 veniendo
1151 2107 1198 2144 et
1218 2102 1424 2144 faciendo
1442 2086 1576 2151 {gg-⁶¹23:

167 2177 328 2214 contra
355 2172 491 2214 fidem
521 2176 568 2213 et
591 2171 860 2212 fidelitatem
888 2183 942 2211 ac
972 2169 1225 2223 ligiantiam
1258 2169 1426 2223 quibus

166 2239 315 2288 nobis,
352 2239 472 2279 sicut
519 2237 655 2279 homo
703 2242 860 2279 noster
892 2236 1047 2289 ligius,
1082 2235 1259 2277 astricti
1301 2235 1425 2276 estis.

168 2305 227 2346 Et
275 2304 331 2346 de
378 2317 514 2354 novo,
551 2304 600 2345 in
644 2303 880 2358 proposito
925 2307 1080 2344 vestro
1125 2301 1426 2343 irrationabili

165 2375 529 2425 perseverantes,
565 2383 754 2423 regnum
802 2374 1009 2411 nostrum
1059 2368 1268 2409 Franciae
1321 2380 1425 2409 cum

168 2438 371 2479 exercitu
420 2442 573 2478 vestro
624 2436 847 2485 intrastis,
885 2435 1226 2484 concremastis‚
1259 2433 1425 2476 devas-

168 2504 316 2553 tastis,
355 2509 400 2545 et
451 2501 702 2556 depraedati
742 2502 853 2543 estis
889 2501 1086 2555 patriam
1121 2504 1168 2542 et
1205 2500 1426 2554 populum

167 2575 373 2612 nostrum
414 2574 460 2610 et
493 2568 702 2610 subditos
735 2573 933 2617 nostros,
954 2571 1001 2609 et
1036 2567 1076 2608 si
1107 2566 1261 2607 nullus
1290 2566 1426 2607 resis—

168 2641 286 2678 teret
319 2635 481 2690 pejora
518 2647 602 2688 pro
649 2647 784 2688 posse
822 2638 992 2684 vestro,
1030 2637 1077 2674 et
1125 2632 1248 2674 mala
1295 2631 1428 2674 malis

168 2702 313 2743 indies
346 2701 541 2743 nitimini
575 2700 824 2742 cumulare.
896 2699 1127 2751 Quocirca
1163 2711 1247 2740 nos
1282 2699 1431 2740 consi-

168 2768 382 2809 derantes
435 2767 708 2820 gravamina
752 2766 926 2820 injusta
970 2770 1016 2807 et
1065 2764 1430 2818 depraedationes

169 2847 272 2887 quae
293 2833 464 2887 populo
488 2837 646 2875 nostro
672 2837 717 2874 et
739 2832 935 2874 subditis
961 2831 1130 2874 nostris
1150 2830 1317 2872 inferre
1340 2843 1430 2872 non
