2038 3306
513 341 735 372 WAisrEffl
769 341 831 371 nn
862 342 1237 372 nnnmcnuncn.
1394 333 1480 374 115

212 443 526 498 cujuscunque
550 445 920 499 praeeminentiae,
944 446 1220 488 conditionis
1243 450 1290 487 et
1309 451 1477 496 statuS,
1513 457 1678 516 13⁶quss

213 511 291 563 qui
314 511 427 552 talia
452 512 753 565 imposuerint
773 518 819 553 et
843 514 1082 565 exegerint
1104 512 1174 554 vel
1205 514 1476 566 receperint,
1496 492 1604 573 32¹0}
1621 492 1696 579 {op}

212 582 291 618 aut
323 578 443 631 apud
481 578 602 619 aedes
635 591 790 619 sacras
826 578 1036 632 deposita
1074 578 1370 621 ecclesiarum
1405 580 1476 621 vel
1495 581 1641 607 ¹³⁰¹¹¹s²00·

209 642 620 686 ecclesiasticarum
670 658 966 698 personarum
1014 645 1204 687 ubilibet
1244 651 1476 688 arestave-

211 709 317 759 rint,
349 711 591 760 seisierint,
621 724 703 752 seu
734 724 958 765 occupare
989 712 1380 765 praesumpserint,
1405 713 1476 754 vel

212 778 421 827 arestari,
460 778 623 825 seisiri,
660 784 740 819 aut
778 778 993 830 occupari
1029 777 1363 828 mandaverint,
1395 786 1477 821 aut

212 849 455 896 occupata,
494 844 670 894 seisita‚
707 856 790 884 seu
825 848 1030 885 arestata
1065 845 1336 897 receperint,
1371 858 1476 887 nec-

215 922 305 949 non
345 922 503 950 omnes
545 910 623 963 qui
665 910 862 950 scienter
902 909 949 950 in
991 910 1222 962 praedictis
1268 911 1478 953 dederint

211 975 465 1025 consilium,
512 974 752 1024 auxilium,
801 975 872 1016 vel
919 975 1139 1025 savorem,
1180 976 1362 1028 publice
1405 978 1477 1018 vel

211 1041 406 1090 occulte,
446 1054 500 1083 eo
540 1042 640 1095 ipso
675 1042 949 1083 sententiam
991 1042 1477 1084 excommunicationis

212 1108 462 1149 incurrant.
548 1107 886 1150 Universitates
927 1120 1111 1162 quoque
1155 1121 1259 1161 quae
1300 1109 1347 1149 in
1390 1109 1477 1151 hiis

212 1174 464 1227 culpabiles
514 1174 681 1216 fuerint
725 1174 1034 1216 ecclesiastico
1081 1178 1094 1196 ‘
1117 1175 1473 1228 supponimus’¹

213 1240 471 1283 interdicto.
554 1241 770 1282 Praelatis
813 1247 859 1282 et
903 1240 1108 1294 personis
1153 1241 1477 1284 ecclesiasticis

212 1307 504 1360 supradictis,
527 1308 573 1348 in
598 1307 770 1349 virtute
800 1307 1070 1348 obedientiae
1101 1313 1148 1348 et
1178 1309 1264 1350 sub
1295 1308 1476 1362 deposi-

213 1374 351 1415 tionis
398 1387 552 1427 poena,
603 1373 808 1415 districte
851 1373 1139 1423 mandantes,
1190 1379 1242 1415 ut
1292 1374 1476 1425 talibus,

213 1441 387 1494 absque
414 1440 600 1482 licentia
625 1453 847 1494 expressa
877 1440 1012 1481 dictae
1043 1440 1181 1490 sedis,
1214 1441 1477 1483 nullatenus

212 1506 527 1560 adquiescant.
619 1506 847 1559 Quodque
889 1511 1119 1560 praetextu
1161 1506 1478 1561 cujuscunque

213 1572 472 1623 oblationis,
502 1573 814 1626 promissionis
844 1577 890 1614 et
919 1572 1226 1614 concessionis
1251 1573 1477 1615 factarum

213 1638 434 1680 hactenus
456 1639 527 1680 vel
549 1638 857 1680 faciendarum
883 1639 1084 1688 inantea,
1106 1639 1374 1692 priusquam
1395 1640 1479 1681 hu-

206 1705 410 1759 jusmodi
433 1705 714 1754 constitutio,
731 1705 996 1759 prohibitio,
1012 1718 1095 1746 seu
1115 1710 1397 1759 praeceptum
1417 1707 1476 1747 ad

212 1772 421 1813 notitiam
441 1773 643 1826 ipsorum
665 1772 926 1825 pervenerit
947 1772 1058 1813 nihil
1082 1771 1283 1821 solvant,
1300 1785 1384 1814 nec
1404 1785 1478 1814 su·

212 1838 408 1891 pradicti
437 1838 668 1880 seculares
692 1838 866 1892 aliquid
890 1838 1213 1892 quoquomodo
1237 1839 1477 1892 recipiant.

214 1904 273 1945 Et
293 1906 332 1946 si
350 1905 573 1947 solverint
594 1905 666 1946 vel
695 1905 902 1959 praedicti
933 1905 1202 1959 receperint,
1222 1905 1270 1946 in
1292 1911 1476 1947 senten-

212 1971 323 2012 tiam
353 1972 841 2013 excommunicationis
870 1971 1077 2013 incidant
1099 1972 1200 2026 ipso
1225 1971 1362 2013 facto.
1432 1971 1476 2014 A

211 2038 487 2091 supradictis
503 2044 657 2080 autem
678 2038 1166 2079 excommunicationis
1186 2044 1231 2079 et
1246 2037 1478 2079 interdicti

211 2105 452 2146 sententiis
488 2105 642 2146 nullus
677 2105 855 2146 absolvi
889 2105 1058 2154 valeat,
1089 2109 1395 2157 praeterquam
1429 2105 1476 2145 in

212 2171 373 2212 mortis
400 2171 610 2221 articulo,
638 2172 811 2224 absque
840 2171 962 2212 sedis
986 2170 1252 2223 apostolicae
1275 2171 1476 2212 auctori-

213 2242 309 2278 tate
345 2242 391 2278 et
421 2237 606 2279 licentia
629 2237 833 2290 speciali,
865 2249 969 2278 cum
1005 2242 1175 2277 nostrae
1208 2236 1476 2278 intentionis

211 2303 384 2344 existat
427 2308 522 2344 tam
562 2303 836 2344 horrendum
877 2302 1151 2344 secularium
1192 2307 1474 2356 potestatum

211 2370 404 2410 abusum
440 2370 704 2411 nullatenus
739 2370 824 2411 sub
863 2369 1228 2411 dissimulatione
1264 2369 1476 2419 transire,

211 2449 301 2477 non
347 2437 637 2478 obstantibus
683 2436 1031 2489 quibuscunque
1077 2435 1346 2489 privilegiis,
1390 2436 1476 2477 sub

210 2503 557 2557 quibuscunque
575 2503 828 2552 tenoribus,
848 2502 995 2543 forma
1014 2514 1094 2543 seu
1116 2501 1251 2543 modo
1273 2507 1355 2543 aut
1374 2514 1476 2543 ver-

211 2570 370 2610 borum
399 2569 695 2623 conceptione
721 2569 949 2610 concessis
969 2567 1338 2622 imperatoribus,
1357 2568 1476 2621 regi-

210 2636 295 2677 bus
323 2642 369 2677 et
400 2636 503 2677 aliis
530 2636 823 2690 supradictis,
845 2648 950 2689 quae
980 2640 1141 2676 contra
1166 2635 1405 2688 praemissa
1427 2634 1475 2676 in

211 2702 336 2743 nullo
379 2703 590 2744 volumus
633 2702 772 2743 alicui
816 2702 891 2743 vel
938 2701 1168 2754 aliquibus
1218 2700 1475 2754 suffragari.

539 2850 548 2870 ¹
573 2852 583 2869 ‘
595 2851 862 2892 supposuimus‚‘
878 2851 955 2883 MS.
971 2850 1062 2883 Cott.
1078 2850 1155 2883 Tib.

1235 2922 1245 2944 1
1269 2916 1290 2945 2
