2004 3272
476 322 705 354 WAL'rmu
739 323 801 353 DE
833 322 1212 353 HEMINGBURGH.
1416 312 1475 353 27

197 425 244 466 in
268 426 559 468 monasteriis
582 426 818 468 recondita
849 431 1056 468 maneret
1077 437 1319 480 quousque
1350 424 1472 466 idem
1507 437 1668 496 {⁶3³5}AE

198 505 283 533 rex
306 493 354 533 in
375 505 461 534 suo
482 493 644 534 itinere
664 506 827 535 versus
844 493 1080 535 Orientem
1104 505 1231 534 mare
1251 503 1471 545 magnum
1490 490 1552 559 :th
1565 489 1636 564 ἧς
1675 490 1681 496 “

198 563 321 600 esset
344 559 596 612 ingressus,
623 564 670 601 et
692 564 803 601 tunc
824 560 972 613 primo
993 559 1252 602 solveretur
1274 558 1331 608 ei,
1352 557 1473 598 idem
1490 567 1598 632 ἓξὲξ
1607 567 1661 625 ἔξω

198 629 354 666 tamen
378 638 460 667 rex
483 639 543 667 ex
573 627 762 680 proprio
797 626 922 668 facto
955 625 1182 667 decimam
1215 623 1356 666 trium
1391 636 1472 665 an·
1491 634 1572 660 other
1583 640 1662 659 uses-

197 704 361 732 norum
381 692 428 732 in
453 692 747 733 monasteriis
777 692 1020 734 collectam
1040 692 1099 733 ab
1119 691 1234 746 ipsis
1256 690 1473 732 collecto-

199 757 326 798 ribus
361 758 520 812 exegit
560 763 607 800 et
647 758 875 800 violenter
916 758 1103 812 quidem
1143 762 1191 799 et
1231 761 1470 811 potentem

198 836 281 865 nec
304 828 460 865 tamen
481 824 717 878 profectus
738 828 826 874 est,
845 836 929 865 nec
952 824 1182 877 promissa
1202 823 1366 866 tenuit.

359 942 626 985 Lamentatio
648 944 784 998 Papae
807 957 930 999 super
955 943 1034 986 Ιιιισ
1053 942 1310 984 Perditione.

267 1044 298 1063 “
319 1040 561 1092 Nicolaus,
596 1047 684 1084 etc.
779 1042 945 1083 Dirum
989 1041 1309 1083 amaritudinis
1364 1041 1475 1083 cali·
1492 1055 1646 1081 Manifesto
1657 1056 1689 1080 or

199 1120 299 1149 cem
333 1120 480 1161 nuper
510 1108 642 1150 nobis
677 1108 733 1149 de
767 1107 898 1149 Siriae
938 1108 1148 1162 partibus
1176 1108 1474 1162 propinatum
1491 1090 1694 1154 ῗιῖἵπῖῗῖἷιῖξιιιε

200 1177 212 1195 ‘
225 1187 317 1215 non
337 1173 450 1215 sine'
467 1172 480 1195 ¹
501 1173 795 1216 lacrimarum
829 1174 1059 1228 profluvio
1083 1174 1402 1227 degustantes,
1425 1175 1472 1216 in
1490 1156 1668 1221 Ιὲἶῗγοὶζῗιῗῑ.

201 1253 362 1281 amara
382 1240 517 1282 nimis
541 1245 589 1283 et
609 1240 761 1282 tristia
775 1240 909 1282 valde
929 1253 1228 1295 prorumpere
1249 1242 1474 1295 cogimur,

204 1319 432 1360 vocesque
469 1306 735 1361 depromere
773 1307 1010 1360 lugubres,
1053 1312 1100 1349 et
1140 1307 1474 1358 vehementem,

202 1385 338 1426 quem
359 1373 583 1414 sentimus
610 1373 902 1423 intrinsecus,
934 1387 1026 1428 quo
1049 1373 1209 1415 durius
1233 1374 1475 1428 perturba-

202 1452 306 1479 mur
338 1439 387 1479 in
422 1439 611 1488 intimis,
650 1439 857 1481 revelare
892 1453 946 1481 ac
980 1440 1213 1481 insinuare
1252 1440 1472 1482 dolorem.

204 1504 430 1555 Quamvis
451 1505 645 1546 forsitan
669 1506 912 1559 praesentis
933 1506 1116 1559 paginae
1137 1518 1321 1547 cursum
1345 1519 1475 1559 gres-

202 1583 283 1612 sus
322 1571 514 1613 celerior
556 1571 880 1625 praecurrentis
921 1572 1057 1613 famae
1096 1572 1386 1625 praevenerit,
1427 1578 1474 1614 et

196 1636 296 1692 jam
329 1637 518 1679 minoris
551 1637 879 1692 praeloquentis
915 1637 1129 1680 affatibus
1162 1638 1221 1679 ad
1263 1638 1475 1680 notitiam

202 1708 404 1745 vestram
438 1705 696 1758 pervenerit
717 1705 841 1758 quod
874 1709 1137 1747 nostrarum
1172 1705 1333 1758 lingua
1356 1718 1475 1759 prae-

201 1770 409 1824 loquitur
427 1770 699 1812 litterarum.
770 1770 905 1825 Saepe
929 1772 1113 1825 quidem
1139 1770 1222 1813 illa
1241 1771 1477 1813 orientalis

202 1837 345 1891 plaga
375 1837 628 1891 profundas
660 1836 867 1879 ecclesiae
898 1838 1064 1892 plagas
1093 1838 1330 1892 imposuit,
1351 1851 1476 1892 saepe

202 1903 330 1944 illam
378 1903 556 1958 poculis
600 1903 865 1946 amaritavit
904 1904 1138 1955 absinthii,
1179 1917 1304 1959 saepe
1341 1904 1476 1950 felleo

204 1970 307 2011 cibo
358 1971 505 2023 pavit,
548 1970 776 2012 sauciavit
820 1970 1104 2022 vulneribus,
1156 1975 1203 2013 et
1245 1971 1477 2012 ‘turbonis

206 2035 404 2078 valide'2
437 2037 660 2078 acerrima
683 2041 912 2091 punctura
936 2037 1171 2089 confodit3
1214 2042 1263 2079 at
1283 2051 1405 2078 nunc
1436 2037 1478 2078 ei

205 2103 504 2145 amarissimae
544 2104 744 2158 potionis
776 2103 1028 2145 uberrimos
1071 2103 1264 2144 haustus
1304 2103 1479 2153 intulit,

205 2182 327 2210 nunc
347 2169 475 2210 illam
495 2170 707 2211 moeroris
738 2170 946 2210 immensi
975 2169 1150 2210 ferculo
1187 2170 1375 2223 copioso
1407 2183 1477 2211 re-

205 2235 365 2288 plevit,
387 2248 583 2289 eamque
613 2235 781 2276 furoris
812 2235 1031 2277 feralibus
1060 2235 1226 2289 gladiis
1257 2235 1478 2277 crudelis-

206 2301 333 2342 simis
375 2302 590 2356 pupugit,
626 2301 737 2356 quin
779 2301 935 2355 potius
986 2302 1045 2343 ad
1080 2302 1181 2357 ejus
1227 2315 1372 2356 usque
1420 2302 1479 2344 ad

206 2368 426 2409 interiora
464 2369 688 2422 pervenit.
761 2368 1142 2422 Superfundimus
1177 2367 1308 2410 illato
1345 2368 1478 2410 calici

205 2446 358 2476 acrem
389 2434 547 2476 fletum
575 2439 620 2476 et
649 2440 743 2476 tam
775 2447 932 2476 amaro
955 2435 1087 2488 potui
1120 2439 1166 2476 et
1190 2439 1286 2476 tam
1313 2435 1479 2476 acerbo

204 2500 505 2542 inundantem
550 2501 843 2542 lacrimarum
879 2501 1085 2555 pluviam
1119 2501 1476 2549 immiscuimus;

206 2568 466 2609 audivimus
506 2568 676 2609 etenim
714 2568 986 2621 moestisque
1019 2567 1239 2609 relatibus
1276 2566 1481 2621 aperitur

206 2633 329 2687 quod
349 2634 510 2675 diebus
534 2635 748 2688 proximo
764 2635 863 2689 jam
888 2634 1136 2675 transactis
1158 2638 1296 2675 aucta
1317 2647 1479 2688 quam-

258 2773 265 2791 '
289 2774 299 2791 ‘
311 2784 375 2805 non
392 2775 514 2815 finem,’
530 2774 606 2807 MS.
621 2774 708 2807 coll.
721 2774 829 2814 Arm.;
911 2772 924 2790 ²
938 2774 1155 2807 ‘turbationis
1165 2774 1289 2815 valde,’
1306 2775 1380 2807 MS.
1394 2776 1481 2808 Coll.

206 2822 215 2838 ‘
230 2822 263 2852 in
280 2820 403 2862 finem,'
420 2821 495 2853 MS.
513 2821 600 2853 Cott.
618 2821 694 2853 Tib.
863 2821 956 2853 Triu.
