2038 3306
550 336 638 377 406
1055 346 1334 377 οΗιιοΝιοοΝ

343 460 538 521 ᾖαπῃιτῗὸξὲῐ-
557 452 614 493 de
638 451 743 506 jure
774 450 961 492 creandi
981 454 1089 491 sunt
1113 450 1170 491 de
1192 451 1294 492 vico
1319 451 1476 504 populi
1500 450 1819 503 magistratus,

341 514 403 576 rn'e
417 512 522 580 {maj
559 523 605 559 et
640 516 782 573 juxta
817 516 988 557 dictum
1026 515 1281 569 prophetae,
1322 516 1460 557 dandi
1496 521 1602 558 sunt
1648 515 1704 556 de
1745 527 1817 555 se-

340 582 543 649 ξῇξζξξὲζζ,
560 584 711 625 dentis
750 583 853 624 loco
888 581 1045 636 populi
1080 582 1346 632 munitores,
1378 581 1500 635 quod
1540 594 1622 634 per
1655 581 1815 622 beatos

341 649 497 676 ¹²¹⁰Vi⁸⁰ffl
562 648 798 703 apostolos
845 648 1014 701 legitur
1058 660 1158 689 esse
1216 647 1406 697 factum,
1451 647 1557 688 dum
1606 645 1818 699 gentibus

562 716 685 757 viros
704 714 966 768 linguarum
988 726 1173 755 suarum
1193 713 1414 755 habentes
1441 713 1649 755 notitiam
1669 716 1819 752 trans-

564 781 810 828 miserunt3
849 784 1041 834 pensata
1069 779 1207 821 etiam
1238 778 1493 821 devotionis
1522 776 1819 832 plenitudine,

564 859 657 900 qua
691 846 854 887 domus
892 849 1050 886 nostra
1086 845 1227 898 regia,
1265 850 1311 887 et
1346 844 1495 886 clerus
1533 848 1581 885 et
1620 842 1820 898 populus

565 912 674 954 dicti
703 911 835 965 regni
864 911 1165 965 perstiterunt
1195 911 1415 952 hactenus
1445 911 1492 952 in
1514 909 1819 951 obedientiam

566 978 702 1020 dictae
726 977 864 1027 sedis,
884 982 1072 1031 propter
1100 977 1222 1030 quod
1258 990 1349 1018 non
1380 976 1569 1024 haberet
1599 979 1820 1028 paternus

568 1043 757 1085 affectus
786 1043 852 1084 eis
883 1055 1023 1084 onera
1058 1047 1105 1084 et
1145 1043 1416 1096 gravamina
1453 1041 1704 1090 cumulare,
1741 1052 1821 1082 ve-

569 1110 679 1159 litis,
712 1113 764 1150 ut
798 1113 931 1162 pater
962 1108 1066 1149 filiis
1098 1108 1429 1157 thesaurizans,
1468 1107 1685 1149 alleviare
1723 1105 1820 1147 dic-

571 1179 721 1216 tarum
741 1173 1085 1227 impositionum
1105 1178 1152 1215 et
1175 1174 1487 1227 provisionum
1525 1185 1580 1214 ac
1615 1184 1820 1220 onerum,

564 1239 663 1294 jam
693 1253 775 1293 per
797 1239 951 1280 sedem
972 1239 1273 1292 apostolicam
1305 1237 1697 1286 invalescentium,
1718 1249 1825 1289 gra-

571 1306 777 1355 vitatem,
812 1305 1127 1358 permittentes
1175 1304 1369 1346 ulterius
1417 1309 1470 1345 ut
1512 1302 1696 1358 patroni
1741 1315 1824 1356 pa·
2026 1298 2032 1332 ἱ

570 1375 780 1412 tronatus
809 1371 881 1411 sui
909 1369 1124 1411 solatium
1154 1383 1245 1412 non
1275 1371 1505 1419 amittant,
1529 1357 1825 1421 ecclesiaet'lue

569 1436 857 1479 cathedrales
875 1441 921 1477 et
953 1436 1056 1477 aliae
1085 1435 1197 1477 dicti
1225 1437 1354 1490 regni
1383 1436 1549 1478 liberas
1579 1434 1825 1476 electiones

570 1508 616 1544 et
645 1515 803 1544 earum
835 1502 1046 1544 effectum
1076 1501 1288 1552 habeant,
1320 1515 1433 1556 quas
1464 1501 1647 1556 quidem
1677 1500 1824 1542 eccle-

570 1569 664 1610 sias
694 1568 804 1609 dicti
834 1568 1150 1626 progenitores
1180 1568 1325 1610 nostri
1354 1568 1524 1609 dudum
1554 1567 1602 1608 in
1633 1566 1825 1619 singulis
2024 1532 2033 1629 ξ

571 1634 888 1676 vacationibus
939 1634 1184 1676 earundem
1230 1634 1437 1687 personis
1483 1633 1660 1674 idoneis
1713 1631 1821 1686 Jure
2022 1634 2038 1716 J

571 1713 654 1740 suo
707 1699 836 1752 regio
886 1699 1026 1740 libere
1075 1699 1386 1749 conferebant,
1432 1704 1478 1740 et
1520 1697 1824 1752 'postmodum
2037 1688 2038 1700 ¹

572 1765 630 1806 ad
660 1770 872 1817 rogatum
903 1770 950 1806 et
979 1764 1243 1806 instantiam
1264 1764 1399 1806 dictae
1420 1764 1558 1814 sedis,
1578 1765 1665 1805 sub
1686 1763 1823 1805 certis

572 1830 718 1872 modis
787 1835 834 1872 et
898 1830 1233 1872 conditionibus
1301 1835 1638 1880 concesserunt,
1702 1829 1825 1883 quod

573 1896 818 1937 electiones
850 1896 1008 1938 fierent
1037 1896 1083 1936 in
1113 1896 1247 1937 dictis
1278 1896 1481 1938 ecclesiis
1511 1908 1593 1949 per
1622 1895 1825 1949 capitula

574 1961 833 2013 earundem,
863 1974 966 2015 quae
1000 1962 1261 2003 ‘concessio
1291 1961 1379 2003 fuit
1411 1975 1494 2015 per
1531 1961 1685 2002 sedem
1715 1973 1827 2015 apo-

573 2027 783 2068 stolicam
799 2039 858 2069 ex
875 2031 1001 2068 certa
1017 2027 1210 2069 scientia
1220 2028 1503 2074 confirmata.
1560 2027 1650 2069 Sed
1666 2031 1828 2069 contra

574 2093 766 2134 formam
808 2094 1117 2134 concessionis
1156 2099 1203 2135 et
1246 2093 1601 2135 confirmationis
1637 2093 1828 2146 praedic-

575 2164 739 2208 tarum,
788 2158 912 2201 dicta
959 2159 1091 2201 sedes
1140 2172 1222 2213 per
1261 2159 1592 2202 reservationes
1633 2164 1681 2201 et
1721 2171 1827 2212 pro-

574 2220 823 2266 visiones’1
863 2237 972 2266 suas
1009 2225 1145 2267 dictis
1187 2226 1403 2280 capitulis
1445 2226 1689 2268 electiones
1731 2224 1828 2266 adi·

574 2290 658 2331 mit
689 2291 993 2344 supradictas,
1026 2296 1074 2332 et
1109 2292 1240 2333 nobis
1266 2291 1347 2346 jus
1386 2296 1432 2333 et
1462 2292 1829 2345 praerogativam,

575 2369 678 2409 quae
724 2356 868 2410 juxta
913 2357 1106 2398 formam
1152 2357 1288 2399 dictae
1334 2358 1658 2407 concessionis,
1699 2356 1830 2398 nobis

575 2427 842 2476 competunt
888 2423 935 2464 in
980 2423 1067 2464 hac
1110 2427 1258 2476 parte,
1294 2428 1484 2477 propter
1518 2423 1656 2476 quod,
1686 2422 1830 2479 jqxta

576 2487 722 2541 legem
756 2488 866 2530 dicti
899 2489 1030 2542 regni
1064 2490 1225 2539 nostri,
1246 2502 1306 2530 ex
1337 2502 1428 2542 quo
1459 2489 1537 2530 lex
1566 2490 1614 2530 in
1648 2500 1830 2530 concoe-

577 2554 705 2596 sione
736 2555 888 2608 posita
929 2568 1021 2596 non
1059 2560 1284 2604 servatur,
1317 2555 1551 2596 concessio
1588 2554 1835 2595 resolvitur

578 2625 623 2661 et
656 2633 729 2661 res
761 2624 932 2662 statum
971 2621 1214 2662 revertitur
1249 2621 1294 2661 in
1331 2621 1615 2675 primaevum.
1685 2619 1834 2673 Super

578 2686 825 2738 praemissis
886 2687 1043 2740 itaque
1096 2687 1311 2740 dignetur
1367 2699 1630 2740 quaesumus
1681 2690 1836 2727 vestra

928 2828 937 2847 ¹
962 2830 1127 2870 Supplied
1144 2830 1229 2862 from
1246 2830 1493 2870 Walsingham.
