1992 3202
525 256 585 297 74
1012 265 1297 298 canonicor«

324 379 444 405 mma
457 380 481 405 1.
524 365 724 407 mundus
760 364 930 406 multos
955 363 1057 418 jam
1089 365 1414 419 stipendiarios
1438 372 1792 417 convocaverat,

319 413 352 438 A.
364 413 399 438 D.
416 414 493 438 1296.

307 468 372 493 War
385 468 415 494 in

307 502 447 533 Gaseony.

306 702 400 728 Denth
412 703 443 728 of

308 736 409 761 Princo

308 769 452 795 Edmund-

524 437 571 473 et
605 431 775 473 multos
800 430 1042 472 thesauros
1064 431 1362 483 exhauserat,
1394 432 1522 474 velut
1558 433 1693 475 homo
1723 433 1789 474 sa-

524 502 653 539 cetus
685 502 733 539 et
766 496 1071 549 largissimus,
1094 509 1196 538 cum
1228 497 1329 551 Jam
1363 502 1542 540 tantam
1576 499 1789 540 militiam

523 563 717 604 retinere
751 575 842 604 non
877 567 1050 616 posset,
1085 575 1141 604 eo
1181 563 1304 616 quod
1344 577 1436 605 non
1474 564 1666 606 haberet
1704 565 1788 606 sti-

523 628 706 682 pendia,
728 628 898 670 decidit
917 628 1075 671 vultus
1101 628 1203 683 ejus
1227 633 1274 670 et
1296 629 1554 672 infirmatus
1574 635 1646 672 est
1664 631 1789 672 circa

525 694 852 745 Pentecosten,
886 699 932 736 et
959 695 1027 736 sic
1057 694 1298 737 deficiente
1325 695 1523 748 pecunia
1545 695 1713 738 defecit
1741 702 1790 738 et

524 760 730 814 spirituS,
750 765 797 803 et
817 765 925 815 post
939 760 1036 803 dies
1056 773 1228 815 paucos
1248 760 1369 803 viam
1392 761 1620 804 universae
1635 762 1789 804 carnis

522 826 759 880 ingressus
807 831 878 869 est
895 825 929 879 ;1
978 826 1290 881 praecepitque
1327 827 1498 869 nostris
1541 833 1596 870 ut
1629 840 1790 882 aspor-

522 896 675 935 tarent
712 906 815 935 eum
861 905 1032 944 secum,
1077 905 1162 935 nec
1205 892 1511 946 sepelirentur
1553 907 1661 936 ossa
1702 906 1789 935 sua

523 959 614 1000 nisi
642 971 747 1000 cum
779 958 1068 1001 solverentur
1101 963 1148 1001 et
1174 958 1345 1010 debita,
1375 959 1672 1014 feceruntque
1703 960 1787 1002 sic.

525 1025 587 1066 Et
616 1031 724 1079 post
759 1030 947 1079 treugas
980 1025 1135 1075 initas,
1173 1025 1457 1067 reduxerunt
1487 1038 1647 1068 secum
1680 1039 1789 1068 ossa

524 1091 584 1132 ad
614 1090 803 1133 fratrem
835 1103 970 1133 suum
1002 1103 1175 1145 regem,
1202 1096 1249 1132 et
1285 1103 1367 1143 per
1402 1104 1508 1132 eum
1539 1091 1787 1134 honorifice

523 1157 708 1210 sepulta
758 1161 868 1199 sunt
916 1157 1040 1210 apud
1086 1156 1551 1199 Westmonasterium
1601 1157 1787 1200 Londo-

527 1234 631 1263 nus.

671 1370 963 1426 Confusi-sum
982 1370 1135 1413 Nostri
1155 1370 1327 1413 secumdo
1348 1371 1395 1413 in
1425 1371 1643 1414 Vasconia.

592 1487 710 1529 Post
768 1492 962 1529 mortem
1023 1486 1195 1529 domini
1251 1487 1484 1529 Edmundi
1540 1488 1790 1542 praeficitur

525 1554 694 1596 nostris
725 1566 877 1595 comes
909 1552 1262 1604 LincolniensiS,
1293 1554 1350 1595 de
1379 1567 1608 1596 consensu
1642 1555 1787 1597 totius

525 1620 773 1669 exercitus,
795 1619 930 1661 homo
951 1619 1134 1672 quidem
1156 1620 1350 1671 facetus,
1371 1620 1724 1674 pulcherrimus,
1739 1626 1788 1663 et

524 1686 884 1727 strenuissimuS.
953 1684 1047 1726 Hic
1065 1698 1168 1727 cum
1189 1686 1519 1740 aliquantisper
1536 1693 1790 1730 recreasset

525 1752 797 1802 exercitum,
833 1751 956 1793 circa
993 1751 1159 1793 festum
1199 1752 1358 1794 Sancti
1394 1752 1424 1794 J
1430 1753 1623 1794 ohannis
1661 1752 1786 1807 Bap-

525 1818 648 1860 tistae
682 1830 896 1871 egressus
934 1822 1005 1859 est
1042 1823 1089 1860 et
1124 1818 1305 1860 obsedit
1337 1819 1495 1860 urbem
1523 1819 1670 1873 *Hays
1704 1833 1788 1873 per

527 1895 612 1925 vu.
638 1883 931 1934 ebdomadas,
953 1888 1000 1926 et
1026 1884 1221 1937 singulis
1248 1884 1342 1926 fere
1373 1884 1535 1926 diebus
1564 1885 1786 1927 insultum

526 1949 636 1992 fecit
665 1950 723 1993 ad
752 1951 927 1991 urbem.
997 1948 1064 1991 At
1094 1950 1163 1992 illi
1194 1951 1385 2001 obsessi,
1422 1951 1479 1992 de
1514 1952 1788 1994 strenuitate

525 2020 572 2057 et
595 2015 843 2070 juventute
873 2015 1171 2067 confidentes,
1190 2017 1457 2058 multotiens
1487 2018 1717 2068 exierunt,
1740 2023 1788 2060 et

524 2086 633 2135 post
661 2081 925 2123 conflictum
957 2082 1200 2135 aliqualem
1237 2082 1402 2129 iterum
1435 2083 1631 2136 ingressi
1660 2089 1784 2126 sunt.

525 2148 733 2190 Tandem
756 2160 867 2189 vero
897 2160 1001 2188 cum
1034 2148 1272 2189 audissent
1303 2148 1451 2190 nostri
1478 2149 1601 2203 quod
1633 2162 1787 2192 comes

525 2214 581 2255 de
602 2213 808 2267 Arthoys
829 2214 1004 2255 veniret
1015 2214 1061 2255 in
1077 2214 1301 2256 auxilium
1314 2219 1601 2266 caeterorum,
1615 2217 1787 2266 reversi

524 2285 633 2321 sunt
652 2292 798 2333 usque
820 2279 998 2333 Bayon.
1071 2280 1339 2334 Iteratoque
1362 2286 1466 2335 post
1490 2287 1670 2335 tempus
1690 2295 1788 2324 mo-

524 2346 676 2387 dicum
699 2346 911 2387 exierunt
937 2345 1125 2399 quidam
1159 2359 1219 2387 ex
1250 2347 1419 2388 nostris
1442 2360 1601 2389 versus
1630 2353 1787 2401 partes

525 2411 830 2461 Tholosanas,
863 2416 911 2454 et
943 2411 1113 2453 multas
1153 2412 1288 2453 villas
1322 2417 1368 2453 et
1404 2414 1540 2454 urbes
1576 2414 1785 2456 incendio

525 2483 889 2528 concremarunt,
936 2478 1198 2531 reversique
1236 2484 1345 2519 sunt
1383 2484 1546 2520 contra
1591 2479 1783 2522 hiemem

572 2617 582 2638 ¹
606 2619 662 2651 On
694 2619 750 2650 the
781 2618 917 2651 Gascon
941 2617 1036 2649 Rolls
1062 2618 1093 2649 is
1119 2627 1140 2649 a
1155 2620 1157 2642 ¹
1174 2617 1581 2659 the14thofMay,1296.
1620 2622 1713 2653 With
1729 2623 1784 2655 the

524 2666 622 2696 letter
646 2665 729 2696 from
755 2665 812 2696 the
842 2665 927 2705 king
956 2667 990 2696 to
1016 2664 1139 2696 Prince
1173 2668 1273 2695 exact
1293 2664 1371 2695 date
1398 2665 1436 2696 of
1457 2666 1511 2698 his
1533 2667 1635 2699 death
1651 2678 1704 2700 we
1728 2679 1785 2701 are

526 2712 696 2752 Edmund‚
720 2712 921 2751 concerning
950 2711 1006 2742 the
1035 2710 1139 2750 papal
1173 2714 1230 2742 not
1245 2711 1460 2751 acquainted.

524 2758 666 2798 legates,
690 2758 793 2789 dated
819 2761 854 2789 at
884 2757 1069 2798 Roxburgh
1096 2767 1139 2789 on
