2038 3306
572 317 661 359 346
1058 327 1336 362 cunomcon

359 447 479 476 savam
498 445 557 472 ιη.
574 431 831 485 Aug-lorum
873 431 1143 486 dispositam
1185 432 1461 488 modumque
1499 432 1730 484 viderent3
1782 437 1828 474 et

377 480 544 508 A’D'¹³³⁹‘
574 498 781 540 videntes
814 497 1157 551 dispositionem
1191 499 1420 540 exercitus
1460 499 1673 540 admirati
1705 504 1827 540 sunt.

575 563 1017 618 Considerantesque
1045 576 1200 617 regem
1230 568 1276 605 et
1305 577 1413 605 suos
1437 564 1494 606 ad
1515 565 1758 606 vivendum
1778 570 1826 606 et

573 629 855 671 moriendum
870 634 1075 683 paratos,
1091 629 1309 683 vultuque
1320 634 1367 671 et
1379 629 1531 671 animo
1551 635 1827 680 constantes,

572 695 766 737 multum
811 695 1001 736 animati
1043 694 1102 737 ad
1147 696 1270 737 acies
1308 708 1418 737 suas
1453 695 1698 737 redierunt.
1767 695 1829 737 Et

571 762 695 803 misit
737 773 819 802 rex
860 761 1083 814 quosdam
1127 761 1184 803 dc
1219 761 1315 802 suis
1350 762 1430 814 qui
1463 759 1662 814 patriam
1696 773 1827 802 exer-

571 827 803 881 citumque
853 826 1134 869 Francorum
1194 827 1518 881 explorarent:
1577 827 1656 880 qui
1706 826 1828 869 circa

570 893 762 946 primam
782 892 984 947 ejusdem
1005 893 1095 934 diei
1113 897 1410 942 revertentes,
1430 892 1655 947 quendam
1679 891 1828 933 Galli-

571 971 673 999 cum
704 964 890 1012 captum
926 970 1083 1000 secum
1124 958 1358 1000 adducunt
1397 970 1550 1000 coram
1585 971 1708 1011 rege,
1747 958 1826 1011 qui

573 1023 780 1066 Gallicos
811 1024 1084 1066 festinanter
1120 1024 1337 1066 advenire
1368 1028 1415 1065 et
1449 1024 1507 1065 ad
1537 1036 1740 1077 pugnam
1775 1036 1826 1065 se

571 1102 734 1143 parare
764 1090 954 1131 firmiter
982 1090 1190 1131 assemit.
1260 1089 1321 1130 Et
1350 1094 1639 1131 accesserunt
1668 1090 1825 1131 statim

571 1155 725 1208 plures
764 1155 822 1196 ad
853 1168 1024 1208 regem,
1047 1159 1095 1196 et
1125 1155 1293 1196 milites
1326 1154 1382 1195 de
1418 1167 1557 1195 manu
1588 1154 1689 1208 ejus
1714 1154 1827 1196 facti

570 1226 692 1262 sunt.
753 1220 870 1262 Post
888 1220 986 1261 haec
1006 1233 1088 1261 rex
1107 1219 1288 1272 Angliae
1309 1224 1356 1261 et
1378 1220 1565 1261 comites
1582 1219 1639 1261 de
1657 1219 1827 1261 North—

570 1290 759 1339 ampton
773 1291 820 1327 et
840 1285 1047 1327 Salisbiri
1061 1284 1212 1326 afferri
1234 1285 1341 1327 vina
1353 1285 1610 1339 jusserunt,
1626 1291 1674 1327 et
1688 1285 1825 1326 etiam

569 1363 739 1404 magna
765 1356 979 1404 potantes
1004 1350 1182 1400 laetitia,
1204 1351 1334 1392 miles
1362 1351 1522 1392 eodem
1557 1351 1630 1392 die
1662 1355 1825 1405 captus

568 1417 654 1457 sub
684 1416 943 1458 conditione
973 1420 1191 1470 sequente
1226 1416 1368 1458 vitam
1408 1421 1455 1458 ct
1482 1418 1686 1458 membra
1715 1429 1826 1458 con-

569 1487 754 1524 secutus
795 1488 880 1524 est.
949 1482 1156 1524 Mittitur
1186 1495 1296 1535 ergo
1326 1482 1383 1524 ad
1414 1495 1568 1535 regem
1600 1482 1824 1532 Franciae,

568 1548 643 1589 cui
675 1553 722 1590 et
758 1548 927 1589 diceret
966 1548 1088 1602 quod
1126 1548 1320 1590 curiales
1359 1554 1405 1590 et
1440 1549 1608 1601 probos
1641 1560 1691 1589 se
1731 1560 1824 1589 non

567 1613 861 1655 ostenderent
889 1627 973 1655 rex
1004 1613 1212 1655 Franciae
1242 1618 1288 1655 et
1317 1626 1431 1667 gens
1460 1626 1560 1662 sua,
1588 1626 1671 1655 nec
1705 1613 1825 1655 sicut

568 1678 783 1720 deberent
831 1679 1060 1729 fecissent,
1119 1678 1325 1720 homines
1377 1679 1611 1721 laboribus
1676 1678 1822 1720 fessos

566 1744 711 1785 indies
756 1744 892 1786 modo
938 1745 1021 1786 tali
1070 1744 1465 1798 procrastinando,
1507 1757 1566 1786 ex
1609 1757 1700 1798 quo
1740 1757 1823 1798 per

566 1809 723 1851 literas
759 1822 868 1851 suas
900 1810 973 1851 die
1005 1810 1242 1863 assignata
1270 1810 1461 1860 ardenti,
1484 1815 1537 1851 ut
1564 1810 1821 1860 videbatur,

567 1874 789 1917 desiderio
836 1876 1006 1917 bellum
1059 1875 1396 1929 implorassent.
1484 1875 1719 1928 Regresso
1763 1876 1823 1917 ad

565 1953 675 1982 suos
708 1940 852 1982 milite
889 1941 1127 1995 praedicto,
1164 1941 1388 1994 processit
1423 1954 1508 1982 rex
1546 1939 1730 1994 Angliae
1763 1941 1822 1983 ad

566 2006 811 2048 videndum
835 2011 881 2047 et
905 2006 1283 2048 considerandum
1305 2007 1449 2048 aciem
1469 2019 1616 2056 suam,
1639 2019 1743 2059 qnae
1772 2007 1822 2048 in

350 2091 481 2117 oraerof
564 2076 657 2113 tres
675 2072 774 2113 alas
797 2085 876 2113 seu
901 2072 1022 2114 acies
1041 2072 1190 2113 divisa
1211 2071 1328 2113 fuit.¹
1391 2072 1450 2113 In
1466 2084 1658 2126 quarum
1675 2072 1823 2125 prima

350 2125 446 2151 '‘M‘'
564 2137 751 2179 fuerunt
767 2137 940 2179 domini
952 2138 1192 2191 episcopus
1215 2138 1565 2187 Lincolniensis,
1588 2137 1821 2179 Henricus

565 2203 620 2244 de
653 2203 934 2257 Burghasse,
970 2204 1204 2245 Henricus
1231 2203 1288 2245 de
1318 2203 1555 2253 Flandria,
1584 2203 1821 2245 Johannes

566 2269 724 2319 Darci,
779 2269 1011 2311 Henricus
1061 2269 1118 2310 de
1170 2269 1410 2319 Ferrariis,
1461 2269 1714 2310 Edwardus
1743 2269 1821 2311 ,de

564 2334 982 2385 Monte-Hermeri‚
1004 2335 1034 2377 J
1038 2335 1238 2376 ohannes
1270 2335 1327 2376 de
1348 2335 1652 2384 Bellomonte,
1675 2334 1820 2376 domi-

610 2444 619 2463 ¹
645 2446 804 2485 Mezeray
828 2446 998 2479 estimates
1026 2445 1082 2476 the
1107 2445 1175 2475 En·
1209 2445 1336 2476 France
1366 2444 1486 2476 floated
1515 2444 1551 2474 in
1577 2443 1635 2475 the
1663 2444 1735 2482 air3
1766 2442 1822 2474 the

563 2491 649 2531 glish
665 2501 759 2532 army
774 2494 809 2523 at
830 2491 916 2531 forty
936 2491 1104 2522 thousand
1119 2500 1175 2522 ca·
1210 2490 1319 2530 Kings
1343 2490 1382 2521 of
1404 2490 1544 2529 France,
1567 2489 1731 2529 Navarre,
1754 2489 1823 2519 Bo-

561 2538 656 2577 vah-y
686 2539 751 2569 and
778 2538 867 2577 sixty
898 2538 1065 2569 thousand
1095 2537 1176 2577 foot,
1208 2536 1330 2575 hemia,
1345 2537 1410 2567 and
1426 2535 1585 2567 Scotland
1601 2534 1819 2566 commanded

561 2584 662 2615 while
698 2584 754 2615 the
797 2583 924 2615 French
969 2583 1057 2614 force
1101 2592 1174 2614 was
1207 2582 1242 2612 in
1267 2592 1401 2622 person,
1426 2581 1664 2620 accompanied
1695 2581 1739 2620 by
1763 2581 1820 2611 the

562 2629 698 2669 equally
722 2629 891 2667 brilliant;
913 2629 964 2661 for
985 2628 1112 2669 though
1140 2628 1174 2659 in
1207 2627 1330 2659 Dukes
1377 2627 1415 2659 of
1458 2627 1667 2666 Normandy,
1701 2626 1822 2667 Ber-ry,

560 2676 704 2715 infantry
735 2675 871 2707 inferior
894 2676 939 2715 by
965 2676 1068 2706 about
1097 2683 1174 2706 one·
1208 2674 1378 2713 Boni-bon,
1426 2673 1605 2713 Bretagne,
1649 2673 1820 2713 Lot-taine,

560 2722 643 2761 fifth,
668 2722 755 2753 their
777 2722 914 2761 cavalry
938 2730 1011 2752 was
1036 2720 1173 2761 double,
1206 2720 1272 2751 and
1303 2718 1501 2759 d’Athenes,
1529 2718 1612 2749 with
1644 2718 1817 2758 thirty-six

558 2770 624 2798 two
641 2767 793 2799 hundred
808 2768 873 2798 and
889 2770 1015 2806 twenty
1030 2767 1172 2798 banners
1206 2769 1336 2805 counts,
1351 2765 1417 2796 and
1442 2765 1546 2796 above
1567 2767 1653 2795 4000
1669 2764 1819 2805 knights.

557 2813 595 2843 of
621 2813 676 2844 the
706 2816 790 2845 most
816 2813 914 2845 noble
940 2814 1114 2853 seigneurs
1137 2812 1176 2844 of
1207 2812 1379 2852 Mezeray,
1396 2811 1489 2844 Hist.
1505 2811 1543 2843 ii.
1559 2813 1635 2842 398.
