1992 3202
539 276 597 317 50
1032 288 1309 319 CHRONlcoN

346 403 508 460 Edward914-
546 392 827 441 Palmarum,
851 404 941 432 non
966 393 1368 444 processionaliter
1397 405 1501 433 cum
1530 391 1695 446 palmis
1725 391 1805 432 sed

331 437 471 519 {3¹²
509 454 515 460 ’
546 458 781 499 turmatim
821 469 924 498 cum
967 457 1156 507 lanceis,
1193 459 1470 500 obsederunt
1504 463 1686 499 nostros
1727 457 1807 510 qui

331 529 467 560 68800117·
548 525 608 565 ibi
633 527 950 564 remanserant
969 536 1051 576 per
1072 523 1170 565 dies
1194 535 1266 566 xl.
1289 524 1458 566 multas
1487 524 1808 578 oppressiones

547 595 594 630 et
612 589 795 630 diversa
813 590 1087 641 gravamina
1105 590 1276 630 eisdem
1294 590 1556 631 inferentes.
1601 589 1811 643 Cumque

548 655 728 696 exirent
761 654 1009 708 aliquando
1039 656 1185 697 nostri
1214 660 1267 696 ut
1287 655 1480 708 gloriam
1509 654 1685 695 militiae
1714 667 1810 695 suae

547 721 592 761 in
608 720 815 762 hostibus
831 725 1114 770 exercerent,
1125 721 1336 763 retaciati
1356 725 1465 762 sunt
1480 732 1506 761 a
1522 719 1812 761 multitudine

548 799 717 839 magna
728 786 855 827 velut
869 799 980 828 oves
992 787 1038 828 in
1052 787 1171 828 ovile
1186 801 1196 829 ε
1223 786 1468 829 novissime
1481 799 1590 827 vero
1603 786 1812 827 videntes

550 853 695 893 nostri
726 865 776 893 se
810 853 886 893 diu
923 854 990 894 sic
1024 866 1291 907 permanere
1327 866 1419 894 non
1448 865 1598 905 posse,
1622 851 1812 893 consilio

550 918 679 968 inito,
708 919 1011 960 decreverunt
1040 919 1163 972 quod
1192 920 1238 960 in
1267 919 1370 972 ipsa
1403 916 1658 959 ebdomada
1695 917 1811 958 Pas-

553 984 666 1034 chae,
705 984 891 1038 navigio
943 986 1208 1026 recederent
1263 992 1310 1026 et
1351 984 1409 1025 de
1460 989 1610 1034 nocte,
1660 983 1812 1024 mitte-

553 1055 802 1103 renturque
845 1051 950 1103 equi
991 1063 1147 1092 eorum
1189 1063 1270 1104 per
1310 1054 1480 1091 terram
1509 1050 1557 1090 in
1590 1050 1690 1091 rivo
1726 1048 1816 1090 Ge-

553 1116 713 1157 rundae
734 1129 880 1168 usque
900 1116 1108 1169 Burgum
1133 1122 1180 1157 et
1205 1116 1424 1168 Blaynes,
1446 1115 1526 1156 sed
1545 1115 1814 1168 impeditum

554 1186 625 1222 est
647 1194 803 1222 eorum
827 1182 1113 1235 propositum
1136 1181 1270 1222 modo
1295 1182 1374 1234 qui
1395 1180 1615 1233 sequitur.
1691 1182 1703 1202 ⁶
1722 1179 1815 1221 Te·-

555 1246 802 1287 nebatur’¹
850 1247 896 1287 in
943 1247 1136 1288 vinculis
1184 1246 1316 1287 miles
1366 1246 1553 1299 quidam
1599 1250 1814 1287 centena—

554 1312 664 1361 rius,
700 1312 730 1353 J
735 1311 938 1353 ohannes
972 1313 1147 1354 scilicet
1177 1311 1387 1360 Giffard3
1422 1312 1495 1352 hic
1532 1324 1635 1352 cum
1664 1311 1816 1365 cujus-

555 1377 661 1418 dam
699 1378 854 1427 castri,
895 1378 1070 1420 scilicet
1108 1377 1424 1427 Pudensach,2
1461 1383 1617 1418 custos
1652 1377 1816 1418 fuisset

556 1444 820 1497 deputatus,
858 1444 1208 1485 advenientibus
1246 1444 1438 1485 Francis
1475 1450 1522 1484 et
1554 1456 1658 1484 eum
1695 1443 1817 1484 obsi-

557 1510 771 1551 dentibus
793 1509 983 1552 tradidit
1003 1523 1052 1551 se
1083 1510 1149 1551 eis
1171 1510 1257 1550 sub
1278 1515 1417 1562 pacto
1441 1509 1524 1550 tali
1554 1509 1677 1562 quod
1699 1509 1818 1550 scili-

557 1580 632 1616 cet
652 1576 752 1628 ipse
782 1588 885 1616 cum
908 1575 1119 1628 Anglicis
1150 1576 1229 1628 qui
1265 1588 1367 1615 cum
1397 1588 1451 1616 eo
1484 1579 1617 1615 erant
1640 1575 1818 1615 abirent

557 1641 699 1682 libere
734 1644 855 1694 ‘quo
881 1639 1105 1690 vellent,’³
1145 1646 1191 1682 et
1228 1635 1521 1682 voluntatem'
1541 1653 1670 1681 suam
1695 1640 1818 1681 face-

560 1711 661 1747 rent
706 1705 873 1748 Franci
919 1706 975 1748 de
1015 1706 1418 1755 Vasconiensibus,
1459 1707 1537 1760 qui
1581 1719 1630 1747 se
1671 1706 1818 1759 primo

560 1772 781 1813 dederant
824 1773 865 1813 ei
907 1778 952 1813 et
990 1785 1091 1813 cum
1133 1786 1187 1813 eo
1230 1773 1490 1821 manebant,
1521 1771 1820 1825 feceruntque

563 1838 731 1879 Franci
765 1839 847 1888 sic,
897 1844 943 1880 et
981 1838 1037 1880 de
1060 1838 1452 1879 Vasconiensibus
1484 1838 1822 1891 suspenderunt

559 1904 726 1957 laqueo
750 1904 932 1945 circiter
966 1916 1008 1945 L.
1040 1908 1227 1958 propter
1267 1904 1389 1957 quod
1426 1903 1609 1957 quidem
1647 1904 1820 1945 factum

559 1970 666 2011 irati
707 1975 816 2011 sunt
839 1969 1177 2011 Vasconienses
1212 1975 1258 2011 et
1296 1969 1587 2011 vehementer
1620 1970 1732 2011 moti
1774 1975 1821 2011 et

560 2047 610 2076 se
645 2035 754 2076 dare
772 2035 990 2077 volebant
1028 2040 1189 2076 contra
1223 2040 1421 2084 nostros,
1454 2034 1659 2076 dicentes
1701 2035 1822 2076 sedi-

559 2100 729 2141 tionem
773 2100 871 2141 fieri
902 2102 948 2141 in
995 2101 1168 2154 populo
1208 2114 1306 2142 suo.
1396 2100 1621 2142 Volentes
1666 2106 1820 2142 autem

561 2166 747 2219 Anglici
780 2167 893 2220 ipsis
926 2167 1108 2220 placere
1138 2179 1220 2220 pro
1244 2178 1397 2219 posse,
1421 2171 1681 2207 statuerunt
1699 2166 1823 2220 judi-

560 2232 737 2272 cialiter
759 2232 943 2284 procedi
971 2238 1130 2273 contra
1155 2231 1346 2273 eundem
1370 2231 1562 2273 militem
1584 2237 1637 2273 ut
1660 2232 1822 2273 saltem

561 2297 747 2348 cognita
770 2298 963 2339 veritate
987 2310 1143 2339 eorum
1174 2298 1479 2339 innocentiam
1509 2297 1820 2349 declararent;

561 2375 756 2416 cumque
786 2363 1084 2405 marescallus
1122 2364 1353 2404 exercitus
1397 2363 1606 2403 dominus
1648 2364 1825 2405 scilicet

563 2428 839 2482 Radulphus
871 2429 927 2470 de
953 2428 1133 2481 Gorges
1166 2429 1212 2469 in
1249 2428 1350 2481 ipso
1386 2428 1459 2468 die
1485 2427 1703 2468 Mercurii
1730 2442 1822 2482 quo

560 2494 687 2535 exire
716 2495 933 2536 deberent
962 2495 1008 2535 in
1033 2494 1237 2547 vesperis
1266 2506 1351 2546 pro
1383 2493 1601 2534 tribunali
1628 2494 1822 2545 sederet,

561 2559 618 2599 ad
634 2559 858 2613 judicium
883 2560 1139 2601 faciendum
1172 2560 1229 2600 de
1266 2559 1366 2612 ipso
1396 2559 1540 2600 milite
1571 2564 1617 2600 et
1640 2559 1696 2600 de
1720 2561 1821 2613 qui-

608 2678 617 2696 ¹
641 2677 650 2694 ‘
680 2677 871 2709 Tenebatur
923 2677 1035 2717 enim‚’
1096 2677 1171 2709 MS.
1187 2671 1192 2724 Ι
1208 2677 1262 2707 the
1289 2676 1451 2716 Gironde‚
1472 2677 1507 2707 in
1533 2676 1589 2707 the
1615 2678 1824 2710 arrondisse-

560 2723 685 2754 Lansd.
1207 2726 1297 2754 ment
1312 2722 1350 2753 of
1364 2722 1555 2753 Bordeaux.

603 2766 616 2784 ²
644 2768 819 2808 Podensac,
831 2779 851 2799 a
863 2772 953 2799 town
966 2769 1113 2800 situated
1129 2778 1170 2799 on
1251 2767 1264 2785 ³
1290 2768 1456 2807 Supplied
1470 2768 1554 2799 from
1571 2769 1646 2801 MS.
1663 2769 1788 2802 Lansd.
