2038 3306
456 306 679 337 WALTEm
718 308 779 338 DE
810 309 1185 342 HEMINGBURGH.
1363 300 1448 342 211

179 423 318 464 super
366 412 502 453 certis
553 413 770 466 negotiis,
815 415 1122 458 conditionem
1176 421 1222 458 et
1271 420 1445 458 statum
1477 420 1646 480 ξᾱῧᾶῖξοῐι·

181 478 308 530 regni
341 477 508 520 Scotiae
542 480 854 532 tangentibus,
885 494 944 523 ex
975 487 1107 536 parte
1139 487 1293 524 vestra
1322 495 1443 524 rece·
1460 472 1521 533 Th,
1536 472 1658 535 B'mm'.

179 548 327 597 perat,
362 545 410 585 in
450 545 601 587 medio
637 546 846 588 exhiberi
883 552 929 588 et
963 548 1134 590 seriose
1168 548 1299 590 nobis
1334 548 1441 590 fecit
1459 541 1568 567 “²²²²

179 611 364 663 exponi.
435 610 616 662 Quibus
638 612 807 654 auditis
830 617 876 654 et
895 613 1160 667 diligentius
1180 614 1440 665 intellectis,

180 681 274 717 tam
305 677 473 718 nostris
504 678 714 720 sensibus
745 679 1029 730 admiranda,
1054 693 1192 734 quam
1218 681 1440 722 hactenus

181 742 405 793 inaudita,
463 744 509 784 in
569 748 588 766 ¹‘
602 744 769 786 eisdem
788 743 822 766 '¹
883 746 1144 787 audivimus
1202 748 1441 789 contineri.

178 807 356 850 Scimus
387 809 521 859 enim,
545 815 679 864 pater
707 810 1012 861 sanctissime,
1037 817 1084 853 et
1113 813 1343 854 notorium
1373 818 1444 855 est

176 874 223 915 in
265 875 473 928 partibus
517 874 699 928 Angliae
737 880 784 917 et
825 877 1056 918 nonnullis
1093 877 1196 919 aliis
1242 891 1334 920 non
1372 879 1443 932 ig-

176 946 352 990 notum,
385 940 508 994 quod
539 954 567 982 a
597 942 746 994 prima
775 941 1067 984 institutione
1098 943 1229 996 regni
1259 943 1442 997 Angliae

177 1093 370 1134 Hengham,
384 1092 555 1124 walterus
571 1092 728 1124 dominus
749 1093 792 1125 de

175 1140 442 1178 Huntercumbe,
451 1139 643 1171 Willelmus
655 1139 793 1180 Mai-tyn

174 1187 330 1218 dominus
353 1186 395 1217 de
426 1185 594 1226 Camesio,
620 1186 792 1219 Hem-icus

173 1233 216 1265 de
231 1233 321 1273 Tyes
337 1232 492 1264 dominus
507 1232 550 1263 de
561 1232 708 1273 Chilton,
724 1234 792 1266 Ro-

175 1289 277 1319 gerus
296 1279 330 1310 la
344 1279 463 1310 Warre
485 1278 641 1311 dominus
657 1279 700 1311 de
719 1280 792 1312 Ise-

174 1326 256 1366 feld,
285 1325 458 1358 Johannes
487 1325 530 1357 de
556 1326 707 1366 Ripariis
731 1327 791 1358 do-

174 1373 284 1403 minus
313 1372 356 1403 de
389 1371 516 1412 Angre,
545 1372 718 1404 Johannes
748 1374 790 1405 de

174 1419 357 1450 Lancastre
371 1418 527 1449 dominus
550 1418 592 1450 de
617 1418 790 1460 Grisdale,

172 1466 339 1497 Robertus
361 1465 619 1504 Filius-Pagani
635 1465 790 1498 dominus

172 1512 215 1544 de
246 1512 416 1549 Lanuuer,
446 1511 618 1542 Henricus
647 1510 789 1552 Tregotz

171 1559 326 1590 dominus
335 1557 378 1589 de
388 1556 578 1597 Garynges‚
586 1557 788 1598 Radulphus

174 1603 304 1644 Pipard
347 1603 503 1635 dominus
547 1603 590 1634 de
635 1603 789 1650 Linford,

172 1651 343 1682 Walterus
367 1650 523 1681 dominus
549 1649 592 1681 de
622 1650 787 1683 Faucom-

171 1697 285 1738 berge,
302 1697 456 1737 Rogerus
478 1696 511 1728 le
535 1696 712 1737 Estmge,
727 1697 787 1729 do-

170 1744 282 1775 minus
297 1743 339 1774 de
355 1743 551 1783 Ellesmere,
566 1742 739 1776 Johannes
754 1744 786 1776 le

170 1790 338 1830 Estrange
366 1789 522 1822 dominus
552 1789 596 1821 de
630 1789 787 1832 Onoksm,

169 1836 315 1868 Thomas
330 1836 373 1867 de
389 1835 561 1868 Chaurces
572 1835 728 1868 dominus
744 1837 786 1869 de

170 1883 313 1921 Norton,
320 1882 491 1914 Walterus
500 1882 543 1913 de
553 1882 651 1914 Bello
657 1882 786 1923 Campo

169 1929 324 1961 dominus
353 1929 397 1961 de
412 1929 598 1969 Alecestre,
618 1929 786 1963 Ricardus

167 1976 309 2008 Talebot
323 1975 478 2008 dominus
500 1975 543 2006 de
569 1975 787 2018 Eckleswell‚

167 2022 341 2054 Johannes
353 2022 564 2053 Bottetourte
577 2022 732 2054 dominus
744 2023 786 2054 de

169 2068 403 2107 Mendesham,
433 2068 606 2100 Johannes
643 2069 787 2109 Engayn

168 2115 324 2147 dominus
339 2115 381 2146 de
398 2114 531 2153 Colum,
547 2115 651 2155 Hugo
669 2115 787 2154 Poynz

169 2161 324 2192 dominus
340 2161 382 2192 de
399 2160 592 2199 Corimalet,
603 2161 715 2192 Adam
728 2161 786 2192 do-

168 2208 279 2238 minus
301 2207 344 2238 de
359 2207 480 2245 Welle‚
495 2206 608 2238 Simon
630 2206 786 2239 dominus

169 2255 211 2286 de
241 2253 357 2285 Monte
383 2253 507 2294 Acuto,
527 2252 699 2286 Johannes
725 2254 785 2285 do-

169 2300 280 2331 minus
310 2299 352 2331 de
383 2300 510 2340 Sullee,
538 2299 712 2331 Johannes
741 2300 784 2332 de

169 2346 301 2378 Moeles
326 2346 481 2377 dominus
507 2346 550 2377 de
576 2345 784 2387 Gaudeburi,

168 2393 368 2424 Edmundus
394 2393 475 2424 baro
501 2392 702 2433 Staffordiae‚
724 2393 785 2426 Jo-

168 2439 295 2470 hannes
311 2439 414 2470 Lovel
430 2439 586 2470 dominus
608 2439 651 2470 de
667 2439 785 2471 Dack·

168 2486 239 2526 ing,
262 2485 463 2516 Edmundus
487 2485 530 2516 de
554 2485 703 2526 Hasting
724 2486 784 2518 do-

168 2532 279 2564 minus
288 2532 330 2564 de
340 2531 651 2571 Enchimeholmok,
658 2531 787 2564 Radul-

169 2579 257 2618 phus
299 2578 593 2610 Filius-willelmi
629 2578 784 2610 dominus

167 2625 209 2656 de
233 2624 440 2665 Grimthorp,
455 2625 622 2656 Robertus
638 2625 681 2656 de
706 2624 785 2657 Sca-

167 2671 261 2702 lariis
275 2671 430 2702 dominus
445 2671 488 2702 de
505 2671 685 2711 Neuseles,
700 2671 783 2702 Wil-

166 2717 287 2749 lelmus
303 2717 455 2750 'rouchet
476 2718 631 2750 dominus
652 2718 696 2749 de
721 2718 783 2749 Le-

828 1091 871 1123 de
886 1092 1100 1133 Haveringes
1111 1093 1266 1125 dominus
1282 1093 1325 1126 de
1342 1094 1443 1127 Gras—

828 1141 897 1178 ton,
913 1139 1079 1172 Robertus
1101 1140 1136 1171 la
1149 1140 1274 1172 Warde
1289 1141 1445 1173 dominus

828 1184 870 1216 de
885 1185 977 1217 Alba
1000 1186 1104 1227 Aula,
1120 1186 1310 1219 Nicholaus
1325 1188 1368 1219 de
1383 1188 1444 1219 Se-

829 1240 929 1270 grave
955 1232 1110 1264 dominus
1134 1232 1176 1264 de
1202 1233 1327 1272 Stowe,
1350 1234 1444 1265 Wal-

827 1279 919 1310 terus
935 1278 978 1310 de
1000 1278 1092 1318 Teye
1107 1278 1263 1311 dominus
1287 1280 1330 1311 de
1346 1280 1443 1311 Stan-

827 1333 940 1365 greve,
967 1324 1140 1356 Johannes
1169 1325 1212 1357 de
1237 1325 1358 1357 Insula
1383 1327 1443 1358 do-

826 1370 937 1402 minus
963 1370 1006 1402 de
1029 1371 1207 1412 Wodeton,
1236 1372 1443 1404 Eustachius

825 1416 981 1460 dominus
1010 1418 1053 1450 de
1084 1418 1237 1458 Hace-he,
1268 1418 1443 1451 Gilbertus

826 1462 959 1495 Pecche
983 1464 1139 1496 dominus
1159 1464 1202 1496 de
1218 1464 1344 1506 Col-by,
1360 1466 1443 1497 Wil-

824 1508 945 1541 lelmus
962 1510 1094 1550 Paynel
1117 1510 1272 1543 dominus
1294 1511 1337 1542 de
1359 1512 1443 1543 Tra-

823 1555 948 1595 cinton,
964 1556 1059 1597 Bogo
1075 1557 1118 1587 de
1135 1557 1273 1588 Knovill
1287 1558 1443 1589 dominus

822 1600 865 1632 de
895 1601 985 1634 Albo
1015 1602 1235 1642 Monasterio,
1266 1604 1372 1636 Fulco
1408 1604 1440 1637 le

823 1647 988 1689 Estrange
1013 1649 1169 1680 dominus
1195 1649 1238 1680 de
1264 1649 1440 1689 Corsham,

822 1693 993 1726 Hem-icus
1015 1695 1058 1726 de
1082 1695 1260 1736 Pinkeney
1284 1697 1440 1728 dominus

821 1740 864 1772 de
881 1741 1044 1782 Wedene,
1058 1741 1232 1774 Johanues
1247 1743 1290 1774 de
1307 1743 1440 1775 Hudle-

821 1789 915 1819 stone
941 1788 1097 1820 dominus
1126 1789 1169 1819 de
1194 1788 1349 1829 Haneys‚
1373 1790 1440 1822 Ro-

822 1843 922 1873 gerus
948 1834 990 1866 de
1022 1834 1250 1875 Huntingfeld
1279 1835 1437 1868 dominus

821 1880 864 1911 de
899 1880 1145 1921 Bradenhame‚
1176 1881 1281 1922 Hugo
1314 1882 1439 1914 Filius-

822 1926 964 1958 Henrici
999 1927 1155 1960 dominus
1187 1928 1230 1960 de
1268 1928 1438 1961 Ravenes-

821 1973 925 2013 wath,
940 1973 1113 2006 Johamxes
1127 1974 1160 2006 le
1183 1974 1308 2005 Breton
1331 1975 1437 2006 domi-

820 2028 884 2050 nus
921 2019 963 2051 de
1000 2020 1130 2060 Sporle‚
1168 2019 1357 2052 Nicholaus
1394 2021 1437 2052 de

821 2065 929 2097 Carru
968 2066 1123 2098 dominus
1162 2066 1205 2098 de
1235 2066 1438 2107 Mulesford‚

819 2111 964 2144 Thomas
996 2112 1151 2144 dominus
1180 2112 1223 2144 de
1245 2113 1280 2143 la
1309 2113 1436 2154 Roohe,

821 2158 991 2189 Walterus
1014 2158 1056 2189 de
1080 2158 1211 2198 Muncy
1223 2158 1378 2191 dominus
1393 2160 1436 2191 de

818 2204 1000 2244 Thornton,
1022 2203 1194 2237 Johannes
1216 2205 1436 2237 Filius-Mar—

819 2250 955 2283 meduci
990 2250 1145 2283 dominus
1182 2251 1224 2282 de
1262 2251 1435 2293 Hordene‚

819 2297 991 2329 Johannes
1006 2297 1162 2330 dominus
1177 2297 1219 2329 de
1236 2297 1436 2339 Kingeston,

819 2343 986 2375 Robertus
1002 2343 1159 2384 Hastang
1173 2343 1329 2376 dominus
1343 2344 1385 2376 de
1401 2345 1435 2376 la

818 2390 972 2431 Desstee,
987 2389 1191 2430 Radulphus
1214 2390 1369 2423 dominus
1391 2391 1434 2424 de

819 2436 1011 2478 Grendone,
1019 2437 1211 2468 Willelmus
1221 2437 1376 2469 dominus
1391 2438 1434 2470 de

819 2483 1008 2523 Leyburne,
1023 2483 1046 2514 J
1049 2483 1196 2515 ohannes
1210 2483 1252 2515 de
1270 2483 1433 2515 Graistok

818 2530 974 2562 dominus
991 2530 1034 2561 de
1058 2529 1230 2570 Morpath‚
1247 2530 1432 2569 Matthaeus

819 2576 1109 2608 Filius-Johannis
1131 2576 1286 2608 dominus
1301 2576 1343 2608 de
1359 2575 1434 2608 Sto*-

818 2623 995 2662 kenhame,
1011 2622 1200 2654 Nicholaus
1222 2622 1264 2654 de
1288 2622 1433 2663 Meynill

817 2670 971 2701 dominus
981 2669 1023 2700 de
1029 2669 1253 2708 Wherletone‚
1265 2672 1299 2700 et
1307 2670 1329 2701 J
1331 2669 1434 2701 ohan-

817 2726 876 2747 nes
894 2715 1023 2756 Paynel
1035 2715 1191 2747 dominus
1206 2715 1249 2747 de
1264 2715 1434 2756 Otteleye,

166 2763 338 2804 veniales,
351 2763 524 2796 Johannes
534 2764 590 2795 Ab
603 2764 714 2797 Adam
725 2764 783 2795 do—
816 2763 938 2794 devota
953 2762 1077 2802 pedum
1092 2762 1211 2793 oscula
1225 2762 1433 2794 beatorum.”

166 2810 277 2840 minus
301 2810 344 2841 de
368 2810 584 2851 Beverstone,
607 2810 782 2842 Johannes

865 2806 873 2825 ¹
896 2808 989 2849 ‘eis,'
1002 2808 1102 2841 MSS.
1115 2808 1154 2839 of
1162 2808 1433 2850 Hemingburgh.

1194 2880 1212 2902 P
1228 2874 1249 2903 2
