2038 3306
381 463 501 490 ndum!
514 464 538 491 1.

382 498 414 523 Α.
423 497 459 523 D.
477 497 551 522 1297.

365 554 468 580 Amin
479 553 511 578 ot

363 586 506 613 Scotland.

365 631 443 661 They
455 629 504 655 fail
517 632 545 654 to

366 663 502 689 conclude
513 669 530 687 a

366 703 463 730 peace.

575 336 660 378 134
1062 343 1339 374 cunomcon

578 449 945 499 consuetudines,
971 448 1091 490 sicut
1120 461 1149 490 a
1176 461 1284 502 rege
1316 448 1557 490 Scotorum
1586 449 1840 502 antiquitus

579 523 734 560 tenere
773 518 1119 557 consueverant.
1189 513 1308 565 Quae
1353 528 1455 556 cum
1496 514 1645 556 adhuc
1688 518 1842 555 essent

581 582 739 636 ‘quasi
781 582 866 623 sub
909 579 1084 622 certa’¹
1137 593 1218 634 spe
1262 580 1554 621 concedenda
1598 580 1841 634 promissa,

579 650 743 690 iterum
768 652 814 689 et
834 648 998 688 iterum
1021 645 1384 699 multiplicantur
1410 645 1523 696 dies,
1545 651 1592 687 et
1613 646 1842 687 variantia

580 726 759 768 semper
779 718 825 755 et
855 712 1021 754 frivola
1042 712 1373 767 jungebantur,
1394 724 1448 753 eo
1469 711 1592 766 quod
1616 710 1694 752 ille
1720 711 1840 752 latro

580 779 842 822 Willelmus
871 778 1066 832 Walays
1111 777 1292 819 interim
1332 777 1552 831 populum
1593 777 1841 818 adunabat.

582 846 655 887 Ad
684 845 894 887 ultimum
925 857 1048 895 vero,
1071 856 1175 885 cum
1204 843 1351 885 nostri
1379 847 1686 897 proponerent
1717 842 1844 895 equi-

583 917 682 954 tare
703 924 840 965 super
860 923 952 959 θοε,
976 910 1200 952 timebant
1219 910 1305 951 sibi
1325 914 1565 962 magnates
1586 909 1843 957 Scotorum,

585 982 631 1019 et
660 978 976 1031 imposuerunt
1000 975 1180 1030 culpam
1210 975 1431 1029 praedicto
1458 974 1640 1016 domino
1664 973 1844 1016 Willel-

586 1057 661 1084 mo
698 1043 878 1095 Duglas
911 1047 958 1084 et
990 1042 1206 1096 episcopo
1237 1040 1530 1095 Glasguensi‚
1562 1041 1657 1095 qui,
1687 1045 1843 1082 notam

587 1109 788 1150 criminis
831 1105 1112 1162 ‘impositi’2
1154 1120 1376 1149 excusare
1418 1107 1640 1156 volentes,
1684 1110 1846 1159 sponte

587 1175 807 1216 dederunt
827 1187 891 1225 se,
916 1177 928 1196 ‘
943 1174 1089 1227 primo
1112 1173 1189 1214 ille
1210 1173 1472 1215 Willelmus
1496 1177 1542 1213 et
1570 1172 1707 1226 paulo
1743 1176 1848 1225 post

588 1241 687 1293 ipse
707 1239 917 1281 dominus
933 1239 1175 1293 episcopus
1186 1237 1237 1290 ;’³
1252 1244 1297 1280 et
1310 1239 1507 1280 traditus
1523 1243 1592 1279 est
1605 1238 1848 1291 episcopus

590 1306 675 1347 sub
702 1305 908 1346 custodia
935 1304 1137 1346 custodis
1164 1305 1303 1346 castri
1332 1304 1388 1345 de
1420 1303 1728 1356 Rokesburgh
1749 1303 1850 1344 vice

591 1376 637 1413 et
674 1371 854 1412 nomine
888 1371 1009 1423 regis
1043 1370 1204 1420 nostri,
1240 1371 1339 1424 ipse
1373 1382 1481 1411 vero
1505 1369 1764 1411 Willelmus
1800 1369 1848 1409 in

590 1442 742 1479 castro
766 1437 821 1478 de
853 1435 1077 1490 Berewyk
1101 1437 1277 1490 positus
1301 1441 1385 1485 est,
1409 1440 1630 1486 retentus,
1654 1440 1699 1477 et
1719 1434 1850 1476 salvo

590 1503 859 1544 custoditus.
922 1502 1057 1554 Quod
1080 1515 1182 1543 cum
1207 1502 1411 1543 audisset
1429 1502 1506 1543 ille
1529 1502 1649 1543 latro
1670 1500 1848 1543 Willel-

593 1581 692 1610 mus
724 1569 936 1623 Walays,
971 1569 1119 1610 iratus
1151 1568 1302 1609 animo
1336 1568 1539 1622 perrexit
1572 1567 1631 1608 ad
1664 1567 1849 1608 domum

593 1635 811 1688 episcopi,
842 1639 888 1675 et
917 1647 1093 1675 omnem
1124 1634 1224 1688 ejus
1255 1633 1601 1687 supellectilem,
1636 1646 1779 1681 arma,
1803 1638 1850 1674 et

595 1713 754 1753 equos,
796 1699 915 1741 filios
958 1699 1095 1740 etiam
1147 1700 1350 1753 episcopi
1400 1703 1616 1752 nepotum
1668 1699 1850 1740 nomine

596 1770 902 1819 nuncupatos,
963 1777 1115 1806 secum
1171 1765 1393 1816 adduxit3
1457 1770 1503 1806 et
1560 1769 1724 1806 auctus
1779 1770 1851 1806 est

596 1832 815 1872 immenso
838 1831 1079 1873 Scotorum
1103 1844 1304 1879 numero,
1330 1844 1383 1872 eo
1404 1831 1525 1884 quod
1548 1831 1849 1872 communitas

598 1902 734 1939 terrae
760 1898 1037 1950 sequebatur
1057 1910 1160 1938 eum
1180 1901 1399 1950 tanquam
1425 1897 1585 1938 ducem
1614 1902 1659 1938 et
1687 1897 1853 1950 princi·-

598 1976 716 2016 pem.
777 1962 900 2005 Tota
927 1963 1064 2004 etiam
1099 1963 1273 2004 familia
1305 1967 1571 2016 magnatum
1590 1962 1854 2004 adhaerebat

599 2029 656 2077 ei,
681 2028 852 2070 etvlicet
879 2029 968 2082 ipsi
997 2034 1235 2082 magnates
1256 2042 1358 2070 cum
1381 2042 1490 2083 rege
1520 2034 1678 2071 nostro
1702 2034 1854 2070 essent

599 2107 802 2148 corpore,
847 2107 926 2136 cor
967 2099 1120 2136 tamen
1166 2108 1321 2136 eorum
1361 2095 1497 2148 longe
1540 2100 1638 2137 erat
1681 2095 1740 2136 ab
1784 2108 1855 2136 eo.

601 2159 763 2202 Nostri
784 2173 892 2202 vero
916 2161 981 2201 sic
1001 2160 1183 2207 irritati,
1207 2174 1310 2202 cum
1330 2160 1504 2203 nollent
1527 2161 1639 2202 talia
1663 2160 1855 2202 ulterius

598 2227 836 2276 sustinere,
869 2232 1186 2280 processerunt
1214 2228 1379 2269 armati
1408 2227 1464 2268 ad
1487 2227 1642 2270 villam
1662 2227 1718 2268 de
1741 2226 1858 2269 Stri-

601 2292 756 2346 velyn3
779 2293 858 2334 ubi
881 2293 1161 2334 senescallus
1185 2292 1364 2343 Scotiae,
1386 2298 1432 2335 et
1455 2306 1606 2335 comes
1628 2294 1684 2335 de
1709 2293 1855 2341 Leue—

598 2371 708 2407 nax,
749 2364 796 2400 et
827 2358 1011 2412 quidam
1049 2359 1127 2400 alii
1162 2364 1428 2412 magnatum
1460 2359 1628 2401 Scotiae
1674 2360 1855 2401 venien·

600 2428 670 2464 tes
691 2429 970 2477 rogaverunt
999 2429 1182 2466 nostros
1207 2431 1259 2466 ut
1287 2425 1435 2466 adhuc
1465 2426 1739 2466 sustinerent
1774 2438 1857 2478 per

598 2490 842 2539 modicum,
886 2491 924 2531 si
966 2490 1083 2532 forte
1121 2503 1229 2531 suos
1273 2495 1319 2532 et
1358 2491 1576 2544 populum
1616 2491 1857 2532 Scotorum

599 2556 841 2608 pacificare
875 2561 1063 2610 possent
1093 2556 1428 2610 quoquomodo.
1498 2556 1634 2607 Quod
1665 2570 1767 2597 cum
1791 2557 1855 2598 eis

601 2628 719 2663 esset
750 2635 1027 2672 concessum,
1055 2623 1222 2664 iterato
1256 2623 1506 2671 venientes,
1540 2627 1705 2676 quarto
1736 2623 1857 2663 scili-

650 2742 657 2760 ¹
682 2745 692 2762 ‘
705 2746 888 2786 quassata,’
904 2746 980 2779 MS.
998 2745 1201 2786 Cott.Vesp.
1293 2744 1307 2763 ³
1329 2746 1339 2763 ‘
1350 2747 1457 2786 primo
1472 2746 1642 2778 Willelmo
1663 2747 1810 2786 Dughzs,
1825 2751 1860 2779 et

647 2789 660 2807 ²
679 2791 689 2808 ⁴
707 2792 979 2833 impositionem,'
1009 2793 1086 2824 MS.
1121 2793 1211 2825 Cott.
1247 2793 1349 2832 paulo
1367 2795 1444 2832 post
1466 2793 1648 2833 episcopus
1671 2790 1767 2834 ipse,’
1783 2794 1860 2826 MS.

601 2836 703 2876 Vcsp.
1247 2839 1336 2872 Cott.
1353 2839 1458 2879 Vesp.
