1992 3202
322 405 440 430 Edwatd
459 406 483 430 1.

322 438 355 463 A.
360 439 395 463 D.
411 439 485 463 1294.

303 1389 487 1415 convocation

303 1424 334 1448 of
342 1424 390 1448 the
398 1423 489 1454 clei-gy

302 1459 331 1481 at
339 1456 465 1482 London.

303 1490 379 1521 Sept.
392 1490 432 1514 21.

304 1786 365 1811 The
379 1786 455 1817 King

304 1822 402 1845 exacta
415 1820 463 1844 the

305 1853 367 1877 hals
374 1853 404 1877 os
414 1852 487 1877 their

303 1885 503 1917 temporalties.
525 1902 534 1910 .

516 282 574 323 54
1001 288 1279 319 οΗηοΝιοοΝ

520 407 658 448 quam
693 398 854 447 postea
886 391 1100 432 restituit.
1163 391 1263 432 Illis
1288 395 1440 432 tamen
1476 391 1554 444 qui
1581 391 1623 432 ei
1653 395 1780 431 tene-

521 461 688 502 bantur
719 460 765 499 in
801 457 954 499 debito
985 455 1056 497 vel
1087 457 1388 498 communiter
1425 469 1529 498 cum
1565 456 1688 498 clero
1710 455 1782 495 vel

521 525 691 580 populo
713 523 934 565 auxilium
957 522 1290 575 promittebant
1310 521 1366 571 ei,
1389 521 1526 576 hujus
1547 526 1783 575 acceptam

521 590 760 644 pecuniam
791 590 837 630 in
879 587 1151 629 solutionem
1191 587 1382 628 alterius
1413 587 1558 641 jussit
1595 586 1781 628 allocari

519 669 600 698 seu
620 656 812 697 restitui.

959 752 1049 792 Rex
1071 751 1177 806 cepit
1195 750 1353 791 Laws.

587 850 761 891 Eodem
793 849 933 891 etiam
974 861 1094 890 anno
1131 848 1253 889 circa
1285 847 1452 889 festum
1486 846 1785 888 Asceusionis

522 916 710 957 Domini
754 927 912 958 omnes
958 915 1090 956 lanas
1141 920 1274 954 terrae
1320 926 1417 954 suae
1459 913 1636 955 seisivit
1689 917 1783 954 tam

521 981 789 1023 clericorum
818 994 956 1035 quam
987 980 1225 1029 laicorum,
1253 983 1299 1020 et
1321 979 1387 1020 sic
1418 980 1601 1021 seisitas
1640 978 1786 1020 tenuit

519 1060 760 1102 quousque
815 1051 1106 1095 mercatores,
1158 1045 1269 1087 data
1317 1045 1522 1086 maxima
1579 1044 1784 1099 pecuniae

518 1126 713 1163 summa,
736 1125 814 1155 eas
850 1112 982 1166 quasi
1022 1112 1078 1153 de
1115 1123 1237 1152 novo
1270 1111 1542 1152 redimerent
1572 1116 1619 1151 et
1651 1111 1785 1151 habe-

517 1177 648 1219 rent.¹

661 1259 811 1315 Eoeeyit
830 1260 919 1301 Rem
936 1258 1201 1300 Medietatem
1217 1259 1428 1299 Bonorum
1458 1272 1486 1299 a
1512 1257 1644 1299 Claro.

587 1374 761 1415 Eodem
814 1388 934 1416 anno
975 1374 1161 1415 vocavit
1209 1386 1292 1414 rex
1345 1386 1428 1427 per
1471 1373 1629 1415 literas
1679 1387 1787 1416 suas

518 1440 902 1494 archiepiscopos,
952 1441 1208 1494 episcopos,
1254 1439 1452 1481 decanos
1491 1440 1786 1481 ecclesiarum

520 1506 868 1556 cathedralium,
900 1511 945 1547 et
976 1506 1338 1555 archidiaconos,
1365 1506 1411 1545 in
1444 1506 1643 1559 propriis
1682 1520 1786 1560 per-

519 1572 661 1621 sonis,
710 1572 972 1625 clerumque
1023 1571 1385 1625 uniuscujusque
1444 1572 1655 1613 dioecesis
1705 1585 1787 1625 per

521 1637 636 1679 duos
677 1643 1013 1691 procuratores,
1058 1642 1110 1679 ut
1154 1638 1200 1678 in
1235 1637 1352 1678 festo
1384 1632 1531 1678 sancti
1568 1637 1785 1679 Matthaei

521 1704 718 1757 apostoli
745 1717 899 1745 coram
922 1717 976 1745 eo
1005 1708 1320 1757 comparerent
1347 1703 1611 1744 Londoniis.
1674 1703 1786 1754 Qui-

522 1770 607 1810 bus
638 1770 802 1811 ibidem
838 1770 1143 1811 existentibus
1175 1769 1240 1810 ait
1266 1782 1365 1818 reX,
1388 1773 1418 1791 “
1435 1770 1621 1810 Domini
1642 1770 1783 1811 caris-

522 1836 641 1884 simi,
681 1836 778 1889 jam
821 1837 934 1877 satis
978 1840 1161 1876 constat
1194 1840 1244 1876 ut
1282 1835 1473 1876 audistis
1512 1835 1567 1875 de
1608 1835 1785 1877 famosa

522 1907 612 1942 ista
633 1915 799 1954 guerra
820 1915 922 1955 quae
944 1902 1061 1942 inter
1081 1914 1234 1954 regem
1259 1901 1540 1942 Francorum
1563 1907 1609 1942 et
1634 1902 1754 1942 ‘nos’
1771 1901 1787 1923 ’ἕ

522 1967 703 2008 initium
724 1969 947 2021 sumpsit;
980 1980 1069 2008 non
1099 1973 1257 2008 nostra
1280 1967 1431 2020 culpa,
1457 1972 1509 2008 ut
1531 1967 1659 2008 novit
1686 1968 1784 2020 ipse

523 2033 668 2082 Deus,
691 2034 770 2074 sed
803 2034 974 2087 absque
1009 2033 1103 2074 ullo
1134 2033 1240 2075 dolo
1263 2033 1335 2073 vel
1354 2033 1515 2074 fraude
1539 2033 1787 2074 casualiter

521 2100 716 2152 sumpsit
746 2099 941 2149 initium,
981 2104 1028 2140 et
1054 2111 1201 2152 usque
1232 2099 1279 2139 in
1309 2111 1511 2152 praesens
1548 2104 1787 2152 sumptuo-

520 2165 697 2206 sissime
734 2166 1001 2206 continuata
1034 2169 1119 2206 est.
1190 2164 1382 2214 Verum,
1415 2177 1470 2205 ne
1508 2177 1567 2204 ex
1610 2165 1785 2219 injusto

521 2230 642 2271 bello
689 2232 901 2284 redargui
943 2243 1181 2284 possemus
1217 2230 1289 2271 vel
1328 2230 1613 2284 reprehendi,
1649 2231 1784 2272 obtu-

520 2296 655 2337 limus
686 2297 727 2337 ei
760 2297 907 2350 primo
941 2309 1117 2350 pacem,
1142 2301 1188 2336 et
1207 2296 1334 2349 pacis
1365 2296 1556 2337 formam
1592 2301 1785 2350 uterque

520 2367 724 2403 nostrum
764 2362 1055 2415 amplexatus
1094 2368 1189 2403 est:
1238 2374 1374 2414 quam
1413 2375 1516 2402 cum
1558 2375 1614 2402 ex
1653 2367 1784 2414 parte

520 2433 692 2477 nostra,
722 2433 774 2469 ut
795 2429 1022 2478 convenit,
1046 2440 1231 2469 servare
1256 2427 1405 2480 parati
1437 2439 1656 2476 essemus,
1686 2428 1785 2480 ipse

570 2589 577 2607 ¹
601 2589 672 2621 The
687 2590 771 2630 king
787 2590 901 2622 issued
917 2590 1012 2622 writs
1027 2594 1061 2621 to
1077 2589 1133 2620 the
1150 2592 1154 2659 Ι
1168 2592 1202 2620 to
1232 2590 1273 2620 be
1306 2589 1518 2628 transported
1551 2590 1683 2629 beyond
1714 2600 1784 2630 sea,

521 2635 652 2666 sheriss's
667 2636 808 2676 bearing
823 2637 902 2668 date
918 2636 974 2668 the
998 2636 1077 2667 2601
1100 2635 1153 2673 of
1169 2635 1235 2666 and
1259 2638 1293 2665 to
1309 2635 1384 2675 give
1400 2638 1434 2666 to
1449 2634 1505 2666 the
1521 2645 1652 2667 owners
1672 2637 1784 2668 tallies

520 2680 616 2720 July,
631 2683 864 2722 commanding
879 2682 967 2713 them
983 2686 1017 2713 to
1033 2683 1134 2721 seize,
1151 2684 1153 2716 ἰ
1151 2674 1218 2712 for
1243 2681 1298 2712 the
1324 2691 1416 2712 sums
1442 2681 1526 2712 thus
1548 2682 1683 2714 become
1714 2683 1781 2714 due

521 2726 571 2756 for
593 2727 647 2758 the
671 2729 764 2767 royal
792 2739 863 2768 use,
878 2729 934 2760 the
956 2729 1042 2759 wool
1067 2719 1153 2759 and
1167 2731 1200 2758 to
1216 2727 1316 2758 them.

521 2773 642 2803 tanned
668 2773 764 2805 hides
789 2775 899 2806 which
917 2785 1005 2806 were
1033 2774 1153 2806 about
1214 2771 1227 2790 ²
1250 2774 1358 2804 ‘inter
1374 2773 1457 2813 nos,’
1477 2774 1552 2806 MS.
1569 2774 1656 2805 Con.
1674 2774 1768 2806 Arm.
