1992 3202
321 409 440 434 Edwnrd
453 409 477 435 1.

320 442 354 468 A.
364 442 398 467 D.
415 443 489 468 129³.

296 2180 373 2206 ΔΛ).
391 2181 465 2205 1294.

296 2223 362 2249 War
373 2224 402 2248 in

296 2257 432 2288 Gascony.

517 286 575 327 46
1010 293 1289 325 01111οΝ10οΝ

518 412 618 439 011111
663 411 746 439 1100
781 410 936 439 carum
976 399 1367 451 consanguineum
1407 404 1627 448 vestrum,
1658 399 1778 439 sicut

519 465 739 506 hactenus
781 464 978 504 scribere
1021 468 1068 505 et
1107 464 1257 506 facere
1301 465 1618 515 consuevistis,
1658 465 1777 505 unde

517 535 733 571 causatur
753 542 811 570 ex
833 529 934 580 hoc,
965 534 1011 570 et
1033 542 1092 570 ex
1114 529 1268 571 multis
1292 531 1568 585 conjecturis
1598 531 1776 583 accepit

517 600 563 636 et
598 596 756 642 credit,
779 595 901 648 quod
932 608 1016 636 vos
1047 608 1167 645 eum,
1191 600 1245 636 ut
1273 597 1420 648 prius,
1453 601 1655 638 vestrum
1686 609 1776 636 non

516 661 681 702 tenetis
715 661 938 703 amicum:
971 666 1160 714 propter
1194 661 1317 714 quod
1354 661 1607 703 certissime
1643 662 1776 702 vobis

517 726 704 768 mandat
726 731 774 768 ut
797 727 916 768 sicut
936 740 1039 768 eum
1069 726 1252 768 creditis
1277 731 1324 768 et
1354 727 1519 768 tenetis
1549 731 1663 780 puta
1685 739 1776 767 11011

516 793 727 842 amicum,
748 793 814 833 sic
836 797 883 834 et
902 792 1001 846 ipse
1012 805 1096 834 vos
1116 797 1300 845 reputat
1321 797 1367 834 et
1391 792 1616 834 consimili
1636 791 1774 833 modo

515 863 657 908 tenet,
679 863 724 899 et
756 858 876 899 sicut
907 858 955 899 in
975 858 1107 899 vobis
1132 858 1305 899 nullam
1334 858 1472 899 habet
1499 858 1633 899 modo
1661 857 1776 898 fidu-

514 924 647 974 ciam,
670 924 736 964 sic
767 936 849 965 nec
879 924 925 964 in
954 928 1189 978 posterum
1220 923 1388 965 habere
1420 925 1615 977 potestis
1638 923 1776 965 ullam

512 990 561 1030 in
589 1003 643 1031 eo
665 989 876 1031 fiduciam
900 990 998 1031 sive
1023 989 1156 1030 fidem
1177 989 1219 1041 ;’'
1252 990 1634 1044 adJeceruntque:
1669 993 1696 1012 “
1715 989 1777 1030 Et

514 1055 623 1108 quia
651 1056 697 1095 in
726 1061 849 1097 terra
870 1060 1039 1105 vestra,
1070 1055 1116 1095 in
1148 1055 1250 1108 ipso
1280 1056 1444 1097 itinere
1475 1055 1682 1096 veniendi
1715 1055 1773 1095 ad

513 1133 613 1170 vos,
635 1121 758 1174 capti
787 1121 970 1171 fuimus,
992 1121 1172 1170 retenti,
1197 1126 1244 1162 et
1274 1134 1356 1174 per
1375 1126 1574 1174 quatuor
1596 1125 1608 1142 ‘
1623 1121 1720 1161 dies
1739 1120 1775 1142 '¹

513 1190 560 1226 et
589 1187 823 1226 dimidium
855 1187 988 1239 quasi
1023 1187 1312 1236 incarcerati,
1343 1187 1540 1240 petimus
1565 1191 1612 1227 et
1642 1187 1774 1227 obse-

512 1263 693 1291 cramus
724 1256 897 1292 statum
929 1252 1197 1292 nunciorum
1232 1252 1364 1293 nobis
1393 1252 1533 1293 tribui
1555 1256 1602 1292 et
1628 1251 1773 1304 privi-

511 1315 680 1369 legium
704 1316 853 1358 dari.'’
899 1317 1159 1370 Statimque
1190 1330 1348 1359 eorum
1369 1317 1493 1358 dicto
1514 1321 1704 1371 accepto
1726 1322 1773 1359 et

511 1382 756 1432 ratificato,
783 1383 1018 1436 respondit
1039 1396 1097 1423 ex
1130 1388 1262 1436 parte
1292 1384 1414 1436 regis
1438 1396 1557 1424 unus
1580 1395 1772 1436 magna-

513 1452 612 1488 tum
645 1448 746 1502 ejus
782 1449 901 1502 quod
938 1448 1018 1489 illa
1055 1449 1225 1501 captio,
1258 1449 1474 1498 detentio,
1509 1462 1590 1490 seu
1624 1449 1774 1490 incar-

513 1514 683 1554 ceratio
713 1527 772 1554 ex
803 1518 1036 1567 praecepto
1066 1514 1191 1566 regis
1215 1515 1288 1555 vel
1317 1515 1511 1556 scientia
1541 1527 1630 1555 non
1664 1528 1771 1567 pro·

513 1579 665 1628 cessit,
718 1579 966 1632 quinimmo
1015 1580 1210 1620 multum
1261 1580 1519 1635 displicuit,
1558 1581 1773 1621 emendas

513 1644 721 1694 offerens,
754 1658 896 1699 equos
934 1650 980 1687 et
1020 1658 1263 1699 expensaS,
1302 1651 1349 1687 et
1382 1651 1549 1688 caetera
1577 1659 1772 1700 quae-que

513 1710 783 1760 necessaria,
804 1724 972 1764 rogans
1001 1716 1054 1753 ut
1075 1712 1232 1753 oblata
1258 1713 1513 1766 reciperent
1537 1725 1620 1765 pro
1641 1713 1772 1753 libito

514 1775 765 1818 voluntatis
787 1790 897 1819 suae.
950 1778 1166 1831 Datoque
1187 1791 1301 1819 sano
1322 1783 1368 1820 et
1388 1778 1519 1820 salvo
1541 1778 1773 1819 conductu

511 1841 750 1884 confestim
770 1843 827 1883 ad
849 1844 1035 1897 propria
1054 1844 1226 1886 reversi
1245 1849 1369 1894 sunt,
1386 1845 1485 1898 regi
1501 1845 1770 1885 nunciantes

514 1908 614 1949 visa
636 1913 683 1950 et
704 1908 875 1951 audita.

708 2056 766 2096 M
763 2055 834 2096 isit
853 2056 943 2096 Rem
962 2056 1204 2098 Emer-eitum
1225 2058 1271 2099 in
1304 2058 1563 2099 Vasconiam.

580 2168 686 2209 Hiis
708 2169 877 2210 auditis
898 2183 1008 2212 mox
1035 2172 1134 2225 ipse
1159 2186 1243 2214 rex
1269 2173 1546 2226 quingentos
1569 2178 1771 2217 armatos

511 2238 557 2275 et
580 2234 743 2287 viginti
764 2235 906 2277 millia
926 2237 1128 2290 peditum
1148 2239 1272 2280 misit
1294 2240 1341 2280 in
1364 2239 1644 2281 Vasconiam
1667 2254 1768 2282 cum

510 2300 692 2342 domino
714 2301 744 2342 J
749 2301 926 2343 ohanne
947 2302 1004 2344 de
1026 2303 1196 2346 Sancto
1217 2304 1247 2345 J
1251 2305 1448 2355 ohanne,
1466 2306 1543 2359 qui
1567 2305 1771 2360 ejusdem

510 2370 644 2407 terrae
665 2367 774 2408 olim
804 2369 1084 2410 senescallus
1116 2371 1351 2420 extiterat,
1379 2376 1425 2411 et
1455 2384 1557 2411 cum
1589 2372 1772 2414 domino

510 2431 539 2472 J
544 2431 720 2473 ohanne
742 2433 797 2474 de
821 2434 1076 2485 Britannia,
1099 2441 1145 2477 et
1173 2436 1254 2477 illo
1284 2437 1428 2477 milite
1458 2437 1772 2479 strenuissimo

511 2500 523 2518 ‘
541 2497 774 2540 Willelmo
816 2499 1035 2554 Latymer
1052 2502 1079 2552 3'
1093 2500 1110 2523 ²
1148 2502 1227 2555 qui
1265 2502 1387 2556 apud
1412 2506 1425 2524 ‘
1443 2502 1724 2545 Portesmew
1738 2503 1773 2525 ’³

509 2564 716 2606 omnibus
769 2566 827 2606 ad
874 2567 1209 2620 expeditionem
1270 2573 1447 2609 tantam
1499 2570 1769 2610 necessariis

557 2691 568 2711 ¹
592 2694 601 2710 ‘
614 2695 740 2733 annos,'
756 2695 832 2726 MS.
850 2695 975 2727 Lansd.

557 2737 569 2755 ²
584 2739 768 2771 ‘willelmo
783 2741 826 2772 de
842 2738 1012 2781 Latimer,’
1021 2741 1122 2774 MSS.

511 2785 635 2816 Lansd.
651 2786 717 2816 and
734 2786 820 2818 Coll.
837 2787 927 2819 Trin.

1156 2717 1219 2796 '1⁸13
1239 2718 1500 2760 ‘Portesmuth,'
1554 2720 1629 2752 MS.
1683 2720 1771 2753 Cott.

1185 2775 1196 2795 1
1223 2788 1231 2797 .

1983 471 1992 663 mmm--.u
1989 396 1992 458 ..m-⁴
