2038 3306
473 323 701 354 WAL'I'ERI
733 323 795 352 DE
826 323 1201 354 HEMINGBURGH.
1376 312 1464 354 277

200 425 440 467 ordinandi
461 427 519 468 ad
541 426 755 469 honorem
778 426 867 468 Dei
888 432 934 468 et
954 427 1159 468 ecclesiae
1179 439 1275 468 suae
1288 430 1460 467 sanctae
1491 435 1614 462 Edward
1626 435 1668 462 11·

200 490 256 532 de
291 496 414 533 statu
450 506 550 542 suo,
589 492 792 547 hospitii,
826 497 873 534 et
911 493 1041 546 regni
1073 492 1159 535 sui.
1230 491 1460 545 Deditque
1476 469 1665 549 ,gozzo

200 555 317 598 diem
354 570 501 612 usquc
539 559 598 601 ad
638 559 805 600 festum
843 559 1000 601 Sancti
1042 558 1306 607 Michaelis,
1339 567 1386 599 et
1421 558 1461 599 si
1477 557 1677 589 ⁸⁰Vffl¹¹¹¹⁸m³

198 623 414 674 perficere
437 638 529 666 non
558 630 747 679 possent
771 624 894 679 quod
924 624 1093 666 vellent
1121 624 1170 666 in
1190 624 1344 678 spatio
1366 628 1461 665 tam

198 688 342 739 brevi,
375 703 403 733 a
439 691 511 732 die
550 691 961 745 praedicta'usque
1001 690 1060 733 ad
1099 689 1267 731 festum
1304 689 1463 731 Sancti

197 753 441 798 Michaelis
463 757 571 798 anni
595 756 857 810 sequentis3
889 756 1163 810 promittens
1195 768 1246 797 se
1268 755 1464 797 fideliter

196 820 544 866 observaturum
554 822 784 875 quicquid,
793 826 980 862 auctore
987 821 1206 871 Domine,
1213 821 1463 863 statuendo

196 886 473 929 ordinarent.
556 888 618 928 Et
655 888 695 928 si
736 887 1024 939 contingeret
1063 886 1214 928 medio
1254 891 1461 940 tempore

194 963 255 992 ex
276 951 367 993 illis
387 953 626 995 duodecim
648 952 849 1005 aliquem
877 953 924 993 in
954 952 1051 993 fata
1080 951 1315 1002 decedere,
1337 953 1459 1005 quod

196 1017 354 1059 statim
400 1018 519 1060 alius
556 1018 760 1073 ejusdem
812 1018 1087 1060 conditionis
1128 1030 1210 1071 per
1251 1018 1460 1059 residuos

196 1083 403 1127 undecim
430 1084 679 1138 eligeretur
701 1089 747 1126 et
774 1084 876 1125 loco
904 1097 988 1126 suo
1017 1083 1298 1138 poneretur.¹
1361 1084 1458 1138 Ipsi

197 1161 304 1190 vero
335 1155 610 1204 potestatem
643 1151 781 1192 talem
806 1150 976 1204 adepti,
999 1155 1046 1193 et
1069 1163 1151 1204 per
1181 1154 1330 1192 certas
1354 1163 1456 1203 per·

194 1227 333 1256 sonas
380 1216 529 1267 electi,
561 1222 871 1258 convenerunt
903 1216 1152 1258 Londoniis
1192 1221 1239 1258 et
1275 1216 1456 1258 ordina..

194 1286 359 1325 ‚verunt
380 1282 540 1333 multa,
564 1287 700 1337 prout
724 1282 912 1324 inferius
936 1283 1113 1337 patebit
1133 1296 1216 1324 suo
1241 1282 1355 1324 loco.

634 1449 808 1491 Fractz's
836 1449 1020 1505 Treuyis.

260 1556 451 1598 Interim
471 1557 630 1599 fractis
653 1559 827 1612 treugis
845 1572 903 1600 ex
927 1563 1058 1612 parte
1076 1557 1333 1607 Scotorum,
1353 1570 1454 1598 cum
1473 1569 1534 1594 rue
1548 1570 1624 1600 mna

1473 1610 1603 1634 prepares
1615 1607 1643 1628 ῑο

193 1622 339 1664 multa
360 1623 482 1665 mala
504 1623 734 1674 fecissent,
758 1624 1061 1677 congregavit
1090 1637 1173 1666 rex
1202 1624 1453 1665 exercitum
1474 1636 1577 1661 invade

193 1689 429 1741 grandem,
449 1695 495 1732 et
516 1703 648 1732 omne
683 1692 920 1732 servitium
950 1703 1082 1731 suum
1107 1690 1305 1731 militare
1329 1702 1455 1731 man·
1474 1669 1613 1695 ⁸⁰⁰⁰³⁰d⁴

191 1755 321 1796 davit
351 1761 402 1797 ut
437 1757 509 1798 die
541 1756 884 1810 Assumptionis
917 1758 1066 1798 beatae
1101 1756 1265 1798 Mariae
1300 1761 1456 1798 essent
1473 1767 1603 1799 Aug-1⁵·

190 1834 292 1862 cum
315 1822 443 1875 equis
468 1827 514 1864 et
537 1824 676 1864 armis
698 1816 819 1877 apud
841 1823 1027 1865 Novum
1049 1822 1263 1864 Castrum
1287 1823 1453 1876 parati.

193 1886 523 1942 Veneruntque
544 1902 646 1930 cum
663 1902 772 1942 rege
785 1902 938 1931 comes
959 1888 1283 1938 Gloucestriae,
1300 1901 1452 1930 comes

192 1949 451 2006 Warennae,
496 1960 543 1997 et
576 1968 728 1997 comes
770 1955 1013 1997 Cornubiae
1052 1967 1187 2008 quem
1235 1954 1292 1995 de
1333 1967 1456 1996 novo

191 2026 445 2070 creaverat,
469 2021 682 2062 dominus
706 2021 938 2062 Henricus
968 2021 1024 2061 de
1057 2020 1221 2074 Percy‚
1246 2020 1454 2062 dominus

190 2085 220 2126 J
226 2087 396 2127 acobus
417 2087 473 2127 de
491 2087 709 2141 Clyfford,
731 2092 775 2128 et
796 2087 928 2128 multi
950 2087 1030 2127 alii
1050 2087 1245 2127 barones
1262 2090 1309 2127 et
1329 2098 1455 2139 mag-

193 2157 334 2193 nates.
407 2152 573 2194 Comes
596 2166 703 2194 vero
729 2152 997 2202 Lincolniae,
1020 2165 1154 2206 quem
1185 2150 1455 2205 praefecerat

191 2230 274 2258 rex
292 2219 526 2259 custodem
544 2219 684 2260 totius
701 2218 882 2271 Angliae
903 2219 950 2258 in
964 2218 1172 2259 absentia
1188 2230 1287 2266 sua,
1304 2231 1455 2259 comes

194 2284 522 2337 Langcestriae,
544 2298 696 2326 comes
719 2284 774 2325 de
807 2283 1039 2336 Penbrok,
1065 2296 1217 2326 comes
1240 2283 1296 2324 de
1318 2276 1454 2326 War-

192 2349 309 2391 wick
346 2355 391 2392 et
432 2363 582 2392 comes
620 2351 676 2392 de
718 2350 965 2400 Hei-eford‚
996 2363 1088 2391 non
1122 2349 1305 2391 iverunt
1349 2362 1452 2391 cum

842 2538 920 2572 God
945 2539 1075 2571 forbid!
1109 2548 1146 2569 so
1170 2547 1208 2569 as
1234 2537 1313 2577 they
1337 2540 1458 2568 cannot

190 2591 223 2619 to
239 2588 305 2619 this
318 2588 435 2619 effect:
458 2587 481 2606 “
491 2587 570 2619 And
584 2587 614 2618 if
624 2587 808 2627 peradven-
842 2586 969 2626 perfect
984 2586 1040 2617 the
1063 2584 1138 2616 said
1154 2584 1363 2624 ordinances,
1378 2582 1457 2615 then

190 2638 263 2666 ture
293 2635 319 2664 it
349 2633 437 2666 shall
466 2634 601 2674 happen
630 2633 703 2665 that
733 2636 808 2673 part
842 2633 868 2663 it
883 2632 969 2663 shall
985 2633 1026 2663 be
1047 2630 1164 2663 lawful
1182 2630 1232 2661 for
1247 2630 1331 2661 such
1347 2640 1385 2662 as
1400 2639 1457 2661 are

189 2681 228 2711 os
247 2680 341 2711 those
357 2681 435 2712 who
456 2680 542 2712 shall
567 2681 608 2712 be
629 2680 752 2711 chosen
775 2683 808 2710 to
822 2657 826 2730 Ξ
842 2682 976 2718 present
990 2682 1023 2709 to
1037 2677 1179 2717 proceed
1191 2677 1236 2716 by
1246 2676 1460 2716 themselves,

190 2727 288 2758 make
313 2726 368 2758 the
395 2727 469 2758 said
495 2727 694 2758 ordinances
721 2725 806 2757 shall
841 2735 879 2756 or
894 2725 960 2756 call
980 2724 1063 2756 such
1080 2723 1175 2754 other
1189 2726 1222 2754 to
1239 2723 1325 2754 their
1340 2723 1458 2754 assist-

189 2774 230 2805 be
258 2773 419 2805 hindei-ed
442 2774 487 2813 by
505 2773 619 2813 death,
642 2772 809 2811 sickness,
843 2781 926 2802 ance
953 2780 992 2802 as
1022 2770 1109 2802 shall
1139 2770 1181 2801 be
1210 2773 1296 2800 most
1321 2769 1373 2800 for
1402 2768 1458 2800 the

187 2830 224 2850 or
239 2819 334 2851 other
348 2820 545 2852 reasonable
563 2829 678 2859 cause,
696 2818 807 2849 which
823 2841 826 2855 ,
844 2817 973 2848 honour
987 2817 1025 2848 of
1037 2816 1112 2856 us‚’'
1127 2817 1188 2847 διο.

238 2542 246 2561 ¹
268 2541 340 2572 The
355 2541 466 2573 words
481 2541 520 2572 of
537 2540 594 2572 the
618 2543 735 2580 patent
749 2539 806 2571 are
