2038 3306
342 435 463 461 Edward
477 436 518 462 11.

347 469 383 494 A.
395 469 429 494 Ι).
446 470 520 494 1311.

330 577 492 605 Provincia!

329 612 450 636 council.

346 1234 380 1259 A.
392 1234 427 1259 D.
442 1235 517 1259 1308.

332 1277 401 1302 Bull
413 1278 445 1302 of
455 1278 529 1310 Pope

332 1310 362 1334 Cl
369 1313 468 1335 ement

331 1343 504 1375 concerning

331 1377 381 1401 the
391 1376 477 1401 Tem-

328 1409 415 1440 plara.

545 311 633 355 288
1033 324 1313 354 cmzomcoN

548 426 827 482 provinciale
890 426 1134 469 concilium
1180 428 1242 469 sit
1301 427 1541 469 Romanus
1602 426 1809 481 pontifex

546 492 853 535 consulendus
865 493 884 533 ‘l
897 492 923 508 ”

613 558 904 611 Vocavitque
928 557 1140 599 dominus
1164 557 1534 611 archiepiscopus
1557 558 1725 599 iterato
1748 557 1806 598 ad

542 624 789 665 concilium
810 636 944 664 suum
972 622 1250 677 provinciale
1271 636 1429 664 omnes
1458 623 1676 676 praelatos
1703 635 1807 675 pro-

547 689 709 731 vinciae
730 694 986 742 exemptos,
1002 688 1059 730 ad
1075 688 1195 729 diem
1216 688 1392 730 scilicet
1409 687 1531 729 lunae
1549 689 1805 741 proximam

546 760 652 809 post
672 754 1002 796 Ascensionem
1021 754 1238 802 Domini3
1275 758 1321 795 et
1339 754 1524 795 iteravit
1546 766 1804 806 processum

546 820 603 862 de
642 819 934 874 Templariis,
967 819 1166 872 fecitque
1205 819 1296 872 legi
1335 819 1382 860 in
1419 819 1602 872 publico
1633 818 1805 860 bullam

545 886 716 927 domini
754 898 887 939 papae
925 885 1203 934 horribilem,
1242 890 1447 926 tenorem
1482 884 1561 938 qui
1602 885 1808 938 sequitur

545 952 868 994 continentem.

877 1093 1024 1135 Litora
1043 1092 1226 1148 Papalis
1244 1092 1293 1134 de
1311 1093 1485 1135 Haeresi.

613 1216 642 1238 “
660 1212 871 1254 Clemens
899 1212 1159 1265 episcopus,
1182 1224 1342 1252 servus
1363 1223 1598 1252 servorum
1621 1210 1725 1260 Dei,
1746 1211 1802 1251 ad

544 1284 813 1332 perpetuam
840 1277 906 1317 rei
927 1277 1207 1318 memoriam.
1278 1275 1352 1317 Ad
1386 1276 1586 1317 omnium
1608 1276 1701 1317 fere
1722 1290 1801 1317 no-

546 1343 695 1385 titiam
722 1343 822 1397 jam
849 1342 1074 1383 credimus
1102 1342 1368 1395 pervenisse
1399 1341 1596 1383 nefanda
1629 1341 1804 1383 scelera

544 1414 591 1451 et
632 1409 823 1450 crimina
867 1407 1155 1449 abhorrenda
1195 1407 1381 1448 haeresis
1418 1408 1624 1457 notoriae,
1665 1420 1804 1461 supra

545 1474 710 1528 quibus
724 1475 836 1516 ordo
852 1478 898 1515 et
915 1486 1120 1527 personae
1134 1473 1510 1526 Templariorum‚
1523 1486 1614 1514 non
1625 1473 1803 1514 levibus

545 1541 827 1593 argumentis
866 1539 944 1580 sed
990 1539 1242 1580 manifestis
1282 1539 1457 1579 indiciis
1499 1544 1545 1580 et
1590 1538 1802 1580 violentis

544 1604 995 1660 praesumptionibus,
1005 1604 1226 1645 diffamati
1239 1609 1503 1653 noscuntur,
1513 1617 1650 1656 super
1665 1605 1800 1645 abne*

545 1671 731 1724 gatione
759 1670 942 1711 Domini
965 1668 1217 1710 Salvatoris
1240 1670 1386 1710 nostri
1404 1668 1433 1710 J
1439 1671 1524 1709 esu'
1543 1668 1731 1719 Christi,
1754 1676 1800 1711 et

545 1748 683 1789 super
725 1735 936 1785 nefanda,
977 1735 1219 1776 temeraria
1260 1739 1306 1775 et
1348 1739 1716 1788 praesumptuosa
1756 1740 1803 1776 et

545 1802 762 1843 haeretica
800 1800 1117 1854 conspuitione
1148 1813 1283 1853 super
1317 1800 1562 1853 imaginem
1594 1800 1799 1854 ejusdem

545 1867 770 1916 crucifixi,
789 1879 965 1908 necnon
992 1871 1038 1908 et
1068 1878 1206 1919 super
1227 1865 1432 1919 pluribus
1455 1865 1557 1906 aliis
1578 1865 1799 1913 articulis,

544 1945 676 1986 quos,
705 1932 814 1986 quia
851 1931 1075 1973 credimus
1107 1931 1204 1972 fore
1236 1932 1453 1981 inanitos‚
1480 1931 1674 1984 exprimi
1710 1945 1799 1972 non

545 2002 741 2051 oportet.
811 1997 978 2051 Sicque
1000 1997 1312 2038 crebrescente
1331 1997 1534 2045 infamia,
1555 1997 1692 2039 etiam
1717 1997 1801 2037 im-

544 2063 820 2104 minentibus
857 2062 1087 2104 scandalis
1122 2062 1330 2116 plurimis
1373 2062 1556 2103 minime
1598 2067 1799 2104 contem-

543 2129 718 2183 nendis,
757 2141 862 2181 quae
905 2141 994 2169 non
1041 2127 1205 2169 leviter
1245 2132 1387 2169 totam
1431 2127 1802 2169 scandalizabant

544 2194 800 2244 ecclesiam,
822 2198 1015 2247 urgente
1038 2193 1332 2243 conscientia,
1356 2206 1437 2246 per
1466 2198 1613 2234 totum
1647 2195 1802 2234 orbem

545 2265 769 2301 terrarum
784 2259 1058 2314 jamdudum
1082 2259 1206 2312 ipsos
1229 2259 1333 2312 capi
1351 2258 1684 2301 mandavimus.
1739 2259 1799 2300 Et

544 2326 728 2367 tandem
751 2326 974 2378 coepimus
1005 2337 1143 2378 super
1171 2324 1258 2365 hiis
1283 2330 1444 2366 contra
1467 2336 1545 2365 eos
1574 2325 1803 2378 inquirere

544 2405 624 2444 per
668 2404 750 2432 nos
793 2391 933 2444 ipsos,
982 2389 1212 2431 nonnullis
1259 2403 1318 2431 ex
1370 2390 1586 2431 fratribus
1633 2391 1803 2431 nostris

543 2457 775 2498 accersitis
806 2456 863 2498 ad
897 2455 1237 2508 inquisitionem
1268 2455 1533 2508 praedictam
1565 2456 1799 2496 nobiscum

543 2522 720 2563 solicite
762 2521 1083 2575 peragendam.
1175 2521 1235 2561 Et
1280 2521 1463 2561 tandem
1508 2521 1799 2573 praesentatis

545 2588 674 2628 nobis
703 2587 909 2641 personis
933 2586 1100 2627 eisdem
1134 2599 1220 2627 non
1250 2599 1392 2638 parvo
1415 2586 1495 2626 sed
1527 2586 1690 2639 grandi
1713 2600 1797 2626 nu-

544 2666 685 2702 mero,
706 2666 796 2694 non
818 2652 931 2694 levis
952 2652 1032 2693 sed
1053 2654 1239 2704 magnae‘
1257 2651 1543 2692 auctoritatis
1564 2651 1671 2691 viris
1691 2652 1796 2692 olim

543 2718 587 2758 in
622 2719 779 2759 ordine
816 2717 1025 2771 praefato,
1063 2717 1391 2765 sacerdotibus,
1425 2717 1798 2770 praeceptoribus,

543 2783 762 2825 militibus
787 2789 832 2825 et
856 2783 1177 2833 servientibus,
1197 2795 1278 2836 per
1298 2795 1451 2823 eorum
1471 2782 1797 2824 consessionem
