2038 3306
498 343 724 375 wAL'rEm
757 344 819 374 DE
849 345 1228 377 nssmmcssuncu.
1384 335 1472 377 409

209 445 280 487 Ac
321 444 458 488 etiam
499 443 687 501 insuper
728 446 954 490 universis
998 454 1044 490 et
1084 448 1278 502 singulis
1321 461 1471 502 quaes-
1492 462 1612 488 savam
1632 461 1689 487 ιιι.

211 512 426 562 tionibus,
471 513 686 566 querelis,
730 514 1074 563 controversiis,
1127 514 1348 565 arrestiis,
1392 514 1471 555 de-

1504 497 1536 522 A.
1550 496 1586 521 D.
1601 496 1678 521 1³⁴³.

1491 553 1557 578 Com
1562 552 1679 578 misnion

211 578 406 630 mandis,
456 584 503 620 et
554 579 749 630 debatis,
799 580 1057 621 actionibus
1103 580 1319 630 realibus,
1371 593 1475 633 per-
1491 586 1580 611 ofthe
1593 592 1651 610 am-

1492 619 1637 644 hanandon

211 644 446 686 sonalibus
474 650 614 699 atque
635 645 809 696 mixtis,
831 658 885 687 ac
920 645 1078 686 litibus
1109 650 1155 687 et
1185 646 1474 700 processibus
1492 655 1596 677 seutw

211 723 350 764 super
373 711 460 752 hiis
484 710 859 766 dependentibus,
883 723 988 765 quae
1020 716 1179 753 mutuo
1208 716 1476 766 competunt

212 777 287 818 vel
307 782 567 830 competere
589 782 824 831 poterunt,
847 790 1024 818 necnon
1046 790 1184 831 super
1203 777 1475 819 omnimodis

206 843 393 901 ,damnis
415 850 462 885 et
483 843 682 898 injuriis,
706 843 811 884 hinc
842 843 946 884 inde
977 847 1071 884 tam
1102 844 1148 884 in
1180 849 1303 885 terra
1335 856 1475 897 quam

213 908 261 949 in
281 909 395 950 mari
414 908 535 950 datis
557 915 603 950 et
625 909 783 959 illatis,
799 915 846 950 et
866 908 1097 962 expensis,
1111 909 1349 959 interesse,
1372 922 1476 963 quae

213 974 340 1027 exigi
377 979 591 1028 poterunt
629 974 734 1015 hinc
771 974 903 1026 inde;
937 979 982 1015 et
1024 970 1299 1027 generaliter
1340 988 1479 1029 super

215 1037 424 1081 omnibus
468 1039 842 1090 dissensionibus,
879 1038 933 1081 ‘et
973 1052 1243 1093 guerrarum
1277 1053 1477 1082 commo-

215 1102 432 1156 tionibus,
473 1106 592 1148 inter
624 1102 717 1147 'nos
758 1111 804 1147 et
844 1106 995 1159 ipsum
1038 1107 1240 1158 exortis3
1292 1111 1338 1148 et
1383 1113 1477 1149 tam

215 1169 354 1226 super
388 1172 608 1226 praedicto
647 1185 806 1226 regno,
828 1178 873 1213 et
902 1172 1008 1226 jure
1041 1172 1172 1213 nobis
1213 1172 1270 1214 ad
1305 1173 1478 1214 dictum

214 1250 404 1291 regnum
465 1244 511 1279 et
574 1251 789 1280 coronam
851 1238 1058 1279 Franciae
1116 1239 1479 1292 competentibus

216 1317 356 1358 quam
377 1304 611 1358 praedictis
634 1304 736 1345 aliis
758 1304 984 1346 universis
1005 1309 1051 1346 et
1075 1304 1268 1358 singulis
1289 1318 1479 1347 concor-

216 1370 434 1420 dandum,
457 1370 811 1424 pacificandum,
836 1370 1215 1424 componendum,
1238 1375 1284 1412 et
1318 1383 1479 1424 pacem

216 1442 487 1491 perpetuam
544 1441 590 1478 et
634 1437 817 1478 finalem
867 1436 1156 1478 concordiam
1213 1437 1479 1479 ineundum.

219 1507 230 1525 ‘
249 1503 310 1544 Et
324 1502 359 1524 '¹
385 1515 489 1556 quae
513 1503 578 1544 sic
600 1507 853 1552 contracta,
875 1498 1171 1552 concordata,
1188 1509 1340 1557 pacta,
1357 1516 1481 1544 com-

219 1569 384 1623 posita,
418 1574 654 1610 transacta
688 1572 764 1609 ‘et
792 1566 959 1610 inita’2
990 1568 1173 1618 fuerint,
1210 1564 1483 1623 quacunque

218 1636 466 1676 securitate
491 1634 780 1684 firmandum,
808 1647 862 1675 ac
893 1634 1185 1676 securitatem
1218 1647 1322 1688 quae
1352 1635 1484 1677 nobis

218 1701 316 1743 fieri
349 1698 512 1742 debeat
544 1701 593 1742 in
625 1700 711 1742 hac
746 1697 1219 1753 partesstipulandum
1250 1706 1296 1742 et
1324 1701 1485 1755 recipi-

218 1767 384 1809 endum
405 1780 416 1818 ;
438 1764 495 1808 vet
530 1767 684 1808 omnIa
719 1766 812 1807 alia
848 1772 895 1807 et
929 1766 1114 1819 singula
1149 1766 1406 1808 faciendum
1438 1772 1485 1809 et

219 1830 542 1882 exercendum,
586 1829 690 1886 qu'ae
733 1832 779 1872 in
814 1830 1062 1886 praemissis
1104 1836 1182 1874 ‘et
1222 1833 1344 1874 circa
1382 1830 1485 1874 ea’3

219 1899 478 1940 necessaria
504 1898 579 1940 vel
608 1903 871 1952 opportuna
902 1898 1085 1948 fuerint,
1113 1899 1250 1939 etiam
1278 1899 1317 1939 si
1355 1912 1485 1940 man-

220 1966 380 2007 datum
401 1965 594 2018 exigant
614 1963 826 2017 speciale.
898 1963 1228 2005 promittentes
1249 1977 1332 2018 pro
1347 1960 1487 2006 ‘nobis

220 2037 267 2073 et
284 2031 540 2072 haeredibus
560 2030 729 2072 nostris
749 2042 834 2071 nos
850 2034 998 2071 ratum
1016 2035 1063 2071 et
1083 2027 1266 2083 gratum
1285 2030 1486 2072 habituri

221 2098 438 2152 quicquid
494 2110 576 2151 per
624 2096 770 2137 dictos
826 2101 1009 2137 nostros
1067 2101 1389 2149 procuratores
1441 2102 1487 2139 et

223 2164 415 2205 nuncios
456 2176 556 2213 sex,
589 2162 808 2216 quinque,
845 2167 1045 2215 quatuor
1087 2157 1133 2203 et
1173 2167 1267 2203 tres
1311 2175 1485 2213 eorum,

222 2234 374 2271 actum
398 2229 471 2271 vel
495 2234 676 2282 gestum
702 2227 840 2269 suerit
868 2228 914 2269 in
937 2227 1186 2281 praemissis
1211 2232 1258 2269 et
1282 2228 1487 2282 quolibet

222 2296 578 2350 praemissorum.
651 2293 708 2334 In
743 2294 876 2348 cujus
907 2294 986 2342 rei,
1011 2299 1098 2335 etc.
1160 2294 1367 2335 ‘Datum
1397 2300 1485 2337 etc.

223 2375 344 2403 anno
367 2362 494 2415 regni
515 2360 661 2403 nostri
682 2358 866 2413 Angliae
894 2371 1033 2409 xvu„
1058 2360 1187 2413 regni
1213 2358 1320 2401 vero
1341 2362 1484 2402 nostri

227 2428 436 2470 Franciae
461 2428 541 2468 1v.’
561 2425 610 2448 ”⁴
669 2426 863 2480 Scripsit
885 2431 1039 2467 autem
1062 2438 1143 2467 rex
1158 2425 1343 2479 Angliae
1363 2424 1485 2468 dele-

223 2495 347 2548 gatis
394 2506 449 2535 ac
497 2493 689 2534 notariis
739 2492 992 2545 gratiarum
1035 2491 1206 2533 domini
1260 2505 1394 2546 papae
1444 2498 1490 2534 et

226 2560 573 2602 vicecomitibus
595 2559 705 2608 suis,
727 2559 812 2599 sub
833 2557 919 2599 hac
943 2557 1102 2599 forma.

274 2725 283 2744 ¹
307 2726 484 2759 Amended
507 2726 591 2757 from
619 2725 709 2764 Rom
743 2725 753 2742 c
767 2723 843 2766 Ea',
862 2702 865 2752 J
880 2701 1126 2781 Ηζῆὸυδρόῑὲὶίεᾱ
1141 2703 1225 2735 from
1241 2704 1317 2736 Rot.
1333 2704 1400 2736 and
1416 2705 1493 2737 MS.

227 2774 329 2806 MSS.
972 2772 980 2781 “
1065 2773 1073 2781 ”

271 2819 285 2837 ²
307 2818 474 2859 supplied
484 2818 841 2851 fromMS.Ha1-1.(355.
877 2793 968 2874 dull:
981 2795 1114 2875 ,33ῑὲξέ
1127 2796 1495 2884 ῇζξζνῖγέἔῗωωθ·

1493 686 1593 712 Rome.
