2038 3306
532 274 621 317 398
936 288 950 299 ·
1025 286 1301 319 canonicos

318 400 514 459 Ei'ss‘isiiff'
531 402 707 432 necnon
740 388 967 443 pontificis
1001 389 1234 438 instantia,
1265 389 1382 433 citra
1413 390 1580 432 festum
1606 390 1790 432 Natalis

362 452 369 459 ’
405 451 412 459 ’
495 453 501 458 ’
533 456 735 505 Domini,
782 455 920 497 etiam
959 455 1016 496 de
1058 467 1248 496 assensu
1289 455 1514 497 dictorum
1554 457 1789 505 nobilium,

316 489 442 548 33:53²
532 522 722 564 termino
751 521 831 562 illo
859 520 1121 562 nullatenus
1151 521 1441 574 prolongato,
1465 528 1680 564 maneant
1707 535 1789 563 ex-

317 555 500 614 fflssssffl‘oe·
531 588 701 642 pedita.
770 587 820 629 Si
850 599 959 628 vero
980 586 1191 628 dominus
1220 599 1342 641 papa
1367 587 1612 640 impeditus
1638 588 1789 637 fuerit,

531 654 605 696 vel
643 666 803 707 pacem
837 657 883 694 et
922 653 1213 694 concordiam
1250 653 1369 694 inter
1407 666 1538 706 reges
1572 653 1790 706 praefatos

531 720 775 761 reformare
799 731 889 760 non
911 719 1093 772 poterit,
1116 724 1291 772 treugae
1322 719 1615 760 nihilominus
1646 731 1791 772 usque

532 786 590 827 ad
628 786 870 828 terminum
906 785 1027 826 infra
1058 785 1256 838 positum
1289 791 1600 838 perseverent,
1631 790 1678 827 et
1714 785 1791 825 fir·

532 852 666 894 miter
688 852 746 892 ab
771 850 982 892 omnibus
1002 857 1347 893 conserventur.
1416 850 1488 893 Ad
1519 850 1655 892 finem
1675 863 1790 904 quo-

532 931 621 971 que
665 917 795 959 illum
847 917 969 970 quod
1012 917 1200 970 negotia
1246 917 1510 971 supradicta
1559 917 1789 958 meliorem

532 983 874 1037 plenioremque
923 983 1172 1024 sortiantur
1214 983 1439 1033 effectum,
1479 983 1792 1024 concedantur

533 1054 710 1102 treugae
759 1061 906 1102 usque
952 1048 1008 1091 ad
1053 1049 1218 1090 festum
1259 1048 1416 1090 Sancti
1462 1049 1703 1090 Michaelis
1743 1049 1791 1090 in

532 1127 686 1157 mense
709 1114 963 1168 Septembri
984 1115 1194 1167 proximo
1216 1115 1433 1163 futurum,
1455 1119 1502 1155 et
1521 1127 1549 1155 a
1570 1114 1688 1155 festo
1711 1114 1792 1155 illo

530 1193 676 1234 usque
700 1180 758 1221 ad
788 1180 923 1221 finem
953 1180 1090 1220 trium
1112 1193 1335 1221 annorum
1364 1180 1576 1233 proximo
1599 1192 1791 1233 sequen-

530 1246 661 1294 tium,
692 1246 813 1286 inter
840 1245 1084 1298 praedictos
1115 1258 1245 1298 reges
1278 1244 1460 1298 Angliae
1493 1251 1539 1286 et
1568 1245 1792 1296 Franciae,

530 1324 775 1365 regemque
802 1311 986 1360 Scotiae,
1016 1311 1225 1352 comitem
1249 1311 1497 1361 Hanoniae,
1518 1311 1656 1353 duces
1679 1312 1794 1352 Bra-

530 1377 698 1418 bantiae
719 1381 766 1417 et
782 1376 1019 1426 ‘Gerliae‚’¹
1036 1376 1087 1417 M
1091 1377 1350 1418 archionem
1371 1377 1426 1418 de
1443 1376 1626 1428 Gillers,
1648 1378 1792 1419 domi-

531 1455 638 1484 num
659 1443 690 1484 J
694 1442 919 1484 ohannem
941 1442 997 1483 de
1014 1442 1248 1492 flamonia,
1269 1447 1315 1484 et
1338 1448 1521 1496 gentem
1545 1443 1794 1493 Flandriae,
1858 1480 1861 1485 .

531 1521 780 1562 omnesque
795 1509 860 1550 eis
881 1508 1163 1550 adhaerentes
1184 1509 1231 1549 in
1251 1510 1462 1551 omnibus
1480 1509 1613 1550 terris
1634 1522 1796 1550 eorun-

531 1574 651 1624 dem,
673 1587 701 1615 a
727 1579 932 1628 tempore
955 1574 1076 1615 datae
1107 1579 1373 1627 treugarum
1396 1576 1687 1628 praesentium
1714 1588 1796 1628 per

533 1644 679 1682 totum
701 1645 880 1694 tempus
900 1640 1228 1693 supradictum.
1290 1640 1485 1693 Insuper
1504 1652 1587 1681 rex
1609 1640 1792 1690 Scotiae‚

532 1718 686 1747 comes
708 1705 953 1754 Hanoniae,
985 1710 1031 1746 et
1059 1706 1193 1747 dictis
1223 1707 1407 1759 regibus
1438 1707 1592 1748 caeteri
1619 1707 1794 1748 nobiles

533 1771 728 1824 alligati,
772 1771 960 1812 mittant
997 1772 1185 1812 nuncios
1220 1784 1327 1813 suos
1368 1772 1426 1812 ad
1467 1772 1639 1813 curiam
1680 1785 1793 1825 prae-

532 1836 675 1878 fatam
711 1850 814 1878 cum
846 1842 1076 1889 potestate
1109 1838 1416 1878 consentiendi
1449 1843 1495 1878 et
1525 1836 1793 1888 affirmandi,

531 1902 780 1943 secundum
804 1907 1054 1943 tractatum
1073 1915 1227 1944 coram
1250 1903 1433 1944 domino
1463 1915 1584 1956 papa
1614 1903 1794 1945 habitu-

532 1981 649 2018 rum,
673 1969 718 2008 in
743 1973 964 2022 quantum
988 1981 1067 2009 eos
1091 1968 1272 2018 attinet,
1293 1969 1408 2010 citra
1438 1969 1605 2010 festum
1635 1969 1792 2010 Sancti

530 2033 759 2075 Johannis
786 2034 1180 2087 praenominatum.
1239 2033 1288 2075 Si
1309 2047 1418 2076 vero
1450 2035 1676 2076 dictorum
1708 2048 1790 2075 no·

531 2099 688 2140 bilium
714 2099 856 2153 aliqui
881 2100 1088 2149 nuncios,
1112 2104 1164 2141 ut
1194 2100 1504 2153 praemittitur,
1529 2101 1587 2141 ad
1618 2101 1792 2142 curiam

532 2164 791 2206 Romanam
811 2165 992 2206 mittere
1016 2178 1105 2206 non
1128 2166 1403 2216 curaverint,
1423 2166 1609 2219 negotia
1630 2179 1791 2220 supra-

529 2230 653 2272 dicta
694 2243 982 2285 nequaquam
1025 2232 1085 2272 ob
1129 2231 1214 2272 hoc
1254 2237 1468 2273 maneant
1506 2232 1791 2285 prolongata.

531 2296 871 2338 Conserventur
890 2308 1073 2350 quoque
1094 2297 1324 2350 praedictae
1345 2303 1520 2350 treugae
1540 2298 1585 2338 in
1607 2292 1791 2340 Britan-

527 2362 605 2403 nia
644 2363 762 2404 inter
806 2375 938 2415 reges
979 2363 1265 2416 supradictos
1302 2369 1349 2405 et
1387 2363 1452 2405 eis
1488 2363 1790 2413 adhaerentes,

529 2441 793 2482 quanquam
818 2429 865 2469 in
891 2428 1063 2470 ducatu
1101 2429 1181 2470 illo
1210 2429 1290 2483 jus
1325 2442 1375 2470 se
1407 2429 1606 2470 dixerint
1643 2431 1790 2483 possi,-

529 2494 661 2535 dere:
694 2494 887 2536 durante
914 2507 1023 2535 vero
1052 2499 1229 2548 treuga,
1250 2495 1414 2536 civitas
1435 2495 1714 2536 Vanetensis
1743 2495 1787 2536 in

530 2561 738 2601 manibus
778 2560 1073 2601 cardinalium
1116 2561 1296 2601 nomine
1334 2560 1504 2601 domini
1545 2573 1678 2614 papae
1717 2561 1790 2603 de-

530 2625 745 2675 tineatur,
786 2626 1045 2679 elapsisque
1086 2627 1259 2680 treugis
1289 2626 1345 2666 de
1390 2627 1499 2667 urbe
1540 2626 1621 2667 illa
1660 2639 1790 2667 suam

833 2774 842 2792 ¹
867 2775 1014 2817 ‘Gerls,’
1029 2776 1104 2808 MS.
1121 2775 1253 2808 Cotton.
1272 2776 1364 2807 Nero
1384 2776 1431 2808 D.
1446 2776 1482 2808 ii.
