2038 3306
571 324 660 366 404
1057 331 1338 364 canonicos

359 447 555 506 nggrfflgh
573 444 731 481 nostra
761 438 945 487 fiducia,
965 437 1090 490 quod
1115 432 1270 479 vestra
1300 437 1541 479 maturitas
1571 437 1618 478 in
1648 438 1835 491 specula

359 500 420 561 {rh}
433 499 540 567 {nngffi'
575 504 857 547 celsitudinis
896 502 1181 556 apostolicae,
1217 502 1522 556 praeclaritate
1568 504 1834 544 meritorum

360 568 561 634 ssgssi'fflt
577 577 624 613 et
659 569 861 611 scientiae
889 568 1110 610 divinitus
1140 569 1241 623 jam
1274 573 1444 617 erecta,
1468 581 1524 609 ea
1557 581 1661 621 quae
1694 569 1834 610 decus

361 633 516 661 9¹⁰V¹⁸⁰m
577 636 781 678 ecclesiae
812 639 860 676 et
890 633 1176 675 devotionem
1207 634 1352 687 plebis
1377 639 1636 684 attenuant,
1658 646 1713 675 ac
1737 634 1835 675 ani-

576 714 755 743 marum
779 706 827 742 et
857 712 1009 741 rerum
1042 699 1247 753 pericula
1281 699 1636 747 comminantur,
1656 699 1836 741 curabit

575 766 927 809 misericorditer
965 764 1225 806 reformare.
1310 764 1367 806 In
1409 764 1638 818 publicam
1681 770 1834 806 autem

576 846 668 874 non
690 831 964 885 ambigimus
995 831 1209 872 notitiam
1237 830 1519 884 pervenisse,
1547 829 1747 883 qualiter
1777 831 1835 872 ab

577 899 767 940 exordio
783 896 1014 939 nascentis
1029 896 1232 938 ecclesiae
1244 896 1291 937 in
1307 909 1448 949 regno
1464 902 1620 937 nostro
1634 895 1832 949 Angliae,

577 964 921 1018 progenitorum
954 968 1214 1004 nostrorum
1248 974 1406 1015 regum
1428 960 1628 1014 AngHae,
1651 966 1697 1002 et
1731 975 1837 1015 pro:-

579 1043 733 1072 cerum
768 1041 823 1070 ac
854 1027 1054 1069 fidelium
1088 1028 1198 1069 dicti
1233 1027 1377 1080 regni,
1410 1028 1545 1080 digne
1579 1027 1835 1077 recolenda,

579 1096 794 1149 prioritas
826 1100 1012 1148 propter
1042 1093 1185 1135 divini
1220 1093 1372 1134 cultus
1409 1098 1704 1145 augmentum
1726 1106 1835 1134 con-

580 1161 752 1202 struxit
771 1159 1003 1209 ecclesias,
1025 1164 1071 1200 et
1093 1159 1220 1213 ipsas
1243 1159 1441 1212 amplius
1460 1159 1639 1200 dotavit
1659 1171 1837 1211 posses-

580 1226 799 1273 sionibus,
838 1224 1088 1278 privilegiis
1129 1224 1442 1274 communivit,
1483 1229 1530 1265 et
1575 1237 1748 1277 ponens
1787 1225 1835 1266 iu

579 1292 646 1333 eis
682 1291 912 1332 ministros
949 1290 1150 1339 idoneos,
1189 1290 1268 1343 qui
1307 1289 1442 1331 fidem
1480 1289 1751 1331 catholicam
1788 1290 1836 1331 in

580 1356 801 1411 subjectis
830 1356 917 1397 sibi
945 1355 1116 1408 linguis
1153 1361 1200 1396 et
1234 1355 1416 1409 populis
1447 1355 1642 1397 fideliter
1670 1369 1836 1409 propa-

580 1427 763 1476 garunt,
806 1434 888 1475 per
937 1434 1130 1474 quorum
1184 1433 1340 1463 curam
1397 1427 1444 1463 et
1483 1421 1834 1463 sollicitudinem

581 1489 715 1530 vinea
736 1487 924 1530 Domini
948 1486 1152 1529 Sabaoth
1175 1487 1222 1528 in
1255 1487 1384 1529 cultu
1415 1493 1462 1529 et
1489 1487 1639 1529 fructu
1667 1488 1836 1529 ibidem

580 1553 768 1595 mirifice
822 1552 1116 1601 fecundavit3
1168 1553 1247 1594 sed
1295 1553 1417 1607 quod
1465 1553 1709 1595 dolendum
1751 1561 1836 1603 est,

579 1620 725 1673 ipsius
775 1619 920 1660 vineae
969 1619 1245 1672 propagines
1289 1619 1626 1672 degenerantur
1674 1621 1720 1661 in
1769 1619 1837 1661 la-

582 1686 786 1735 bruscas,
831 1690 878 1726 et
917 1685 1224 1725 exterminant
1267 1685 1395 1726 illam
1445 1685 1545 1739 apri
1594 1685 1651 1726 de
1701 1685 1837 1735 silva,

581 1750 927 1803 singularesque
964 1749 1073 1791 ferae
1104 1749 1358 1803 depascunt
1398 1763 1515 1800 eam,
1549 1750 1657 1791 dum
1689 1752 1835 1805 impo-

581 1816 770 1857 sitiones
823 1821 870 1856 et
910 1815 1197 1868 provisiones
1235 1816 1356 1857 sedis
1407 1816 1689 1869 apostolicae,
1731 1830 1835 1870 quae

581 1882 717 1923 solito
741 1882 929 1934 gravius
949 1880 1251 1930 invalescunt,
1268 1882 1412 1935 ipsius
1428 1882 1656 1935 peculium
1679 1887 1838 1924 contra

581 1947 703 2000 piam
750 1946 1037 1988 voluntatem
1085 1953 1132 1987 et
1178 1947 1510 1988 ordinationem
1562 1947 1835 1990 donatorum

581 2025 744 2053 manus
778 2016 1005 2065 occupant
1040 2012 1345 2064 indignorum,
1387 2018 1433 2053 et
1470 2014 1724 2066 praesertim
1761 2027 1839 2055 ex-

581 2082 799 2127 terorum,
835 2083 880 2118 et
909 2077 1008 2131 ejus
1036 2077 1283 2130 dignitates
1317 2084 1364 2120 et
1398 2079 1618 2120 beneficia
1645 2080 1838 2132 pinguia

581 2143 787 2196 personis
810 2143 1109 2184 conferuntur
1126 2143 1324 2196 indignis
1351 2157 1405 2186 ac
1435 2144 1717 2197 alienigenis,
1740 2146 1837 2199 ple-

581 2221 772 2262 rumque
792 2209 923 2250 nobis
943 2209 1183 2262 suspectis,
1206 2210 1285 2262 qui
1306 2223 1397 2251 non
1418 2210 1618 2251 resident
1637 2211 1683 2251 in
1704 2205 1838 2252 dictis

582 2274 824 2322 beneficiis,
863 2279 909 2315 et
950 2274 1105 2316 vultus
1143 2275 1487 2316 commissorum
1527 2276 1592 2317 eis
1624 2289 1838 2330 pecorum

581 2353 672 2381 non
716 2346 990 2393 agnoscunt,
1049 2339 1255 2392 linguam
1307 2354 1396 2382 non
1436 2341 1716 2394 intelligunt,
1742 2340 1836 2384 'sed

583 2406 835 2447 animarum
858 2418 969 2447 cura
991 2405 1217 2458 neglecta,
1236 2406 1364 2447 velut
1385 2407 1650 2448 mercenarii
1670 2408 1837 2449 solum-

582 2471 717 2513 modo
761 2471 1032 2524 temporalia
1071 2471 1199 2512 lucra
1238 2477 1467 2525 quaerunt,
1513 2479 1560 2515 et
1599 2474 1665 2514 sic
1704 2474 1836 2515 dimi-

581 2537 737 2578 nuitur
761 2536 931 2578 Christi
957 2537 1124 2586 cultus,
1145 2537 1398 2580 animarum
1431 2551 1541 2579 cura
1575 2539 1836 2591 negligitur,

583 2602 871 2643 subtrahitur
910 2602 1218 2656 hospitalitas,
1257 2603 1551 2644 ecclesiarum
1601 2604 1711 2658 jura
1759 2605 1836 2646 de-

582 2673 790 2719 pereunt,
859 2673 999 2709 ruunt
1063 2667 1258 2708 aedificia
1318 2668 1601 2718 clericorum,
1655 2674 1835 2711 attenu-

582 2738 686 2773 atur
726 2732 910 2774 devotio
967 2733 1139 2787 populi,
1190 2733 1341 2774 clerici
1390 2733 1501 2775 dicti
1557 2735 1701 2787 regni,
1753 2736 1838 2777 viri

582 2811 760 2841 magnae
811 2798 1069 2840 literaturae
1108 2804 1154 2839 et
1212 2800 1572 2841 conversationis
1614 2800 1836 2851 honestae,
