2038 3306
554 299 643 342 382
1054 311 1116 342 cn
1122 311 1331 343 Romcou

345 422 540 481 Egvgrffagl·
559 413 763 469 ejusdem
786 413 916 466 regni
943 413 1103 462 nostri,
1126 425 1259 454 nonae
1279 414 1425 467 partis
1448 413 1710 466 garbarum,
1735 424 1816 465 ag-

345 475 421 544 Kissg
432 473 488 538 'Ed
523 474 531 481 ”
560 493 739 529 norum,
755 483 802 520 et
816 478 1030 520 vellerum
1047 491 1249 527 suorum,
1261 483 1430 531 praeter
1449 478 1671 519 decimam
1688 478 1817 519 nobis

344 545 537 570 '⁸¹⁶’⁸¹⁸‘“‘
562 558 590 586 a
621 545 741 586 clero
777 556 1040 586 concessam
1069 543 1163 584 tale
1192 543 1324 584 nobis
1351 543 1514 584 dedere
1548 544 1815 592 subsidium,

343 578 544 637 muana-3301>
562 611 681 664 quod
698 610 737 651 si
752 609 946 655 fideliter
961 608 1203 650 collectum
1218 608 1382 650 fuisset
1397 621 1600 660 congruo
1613 613 1818 662 tempore

562 680 609 717 et
633 676 885 724 obtentum,
919 674 976 715 ad
1001 674 1340 727 expeditionem
1366 673 1502 715 dictae
1525 686 1717 726 guerrae,
1741 674 1819 715 de-

561 742 760 782 bitorum
794 740 1069 782 solutionem
1104 744 1150 780 et
1184 739 1468 780 inimicorum
1506 739 1815 780 confusionem

562 819 654 847 non
674 806 901 848 modicum
921 805 1245 846 adminiculum
1267 805 1584 858 praestitisset3
1616 809 1664 845 et
1684 804 1815 854 forte,

561 872 808 913 multorum
875 870 1123 912 secundum
1179 870 1454 924 opinionem,
1513 869 1818 911 verisimiliter

562 937 829 979 suffecisset.
900 936 1029 977 Idem
1061 936 1431 989 archiepiscopus
1465 934 1522 975 ad
1561 935 1670 976 dicti
1706 936 1814 976 sub-

562 1003 666 1044 sidii
689 1002 1003 1044 collectionem
1025 1007 1071 1043 et
1089 1001 1282 1042 aliorum
1303 1001 1432 1042 nobis
1456 1001 1815 1042 necessariorum

562 1068 1029 1109 subministrationem
1084 1067 1250 1108 iterum
1299 1066 1509 1119 promisit
1574 1065 1817 1108 efficaciter

562 1133 851 1187 interponere
872 1137 1030 1186 partes
1064 1144 1185 1173 suas.
1249 1132 1383 1173 Unde
1428 1144 1526 1179 nost,
1563 1131 1664 1184 ejus
1707 1144 1814 1184 pro·

562 1198 852 1239 missionibus
899 1197 1187 1246 inhaerentes,
1230 1196 1474 1249 resumptis
1513 1196 1685 1237 viribus
1734 1210 1813 1238 na-

564 1264 688 1316 vigio
740 1263 797 1304 ad
855 1263 941 1303 hoc
997 1268 1278 1314 congregato
1332 1274 1494 1303 versus
1550 1261 1814 1303 Flandriam

560 1329 850 1381 navigantes,
871 1328 1114 1369 commisso
1136 1328 1268 1380 gravi
1295 1327 1457 1381 proelio
1485 1327 1686 1369 navitico
1709 1341 1813 1369 cum

562 1393 768 1435 hostibus
804 1394 883 1446 qui
911 1393 958 1433 in
987 1398 1192 1434 nostram
1222 1398 1270 1434 et
1298 1393 1441 1434 totius
1471 1393 1621 1445 gentis
1642 1398 1813 1435 nostrae

503 1458 507 1462 ’
561 1457 817 1512 Anglorum
851 1458 1096 1512 perniciem
1130 1458 1515 1512 conjuraverunt3
1558 1458 1812 1500 misericor-

561 1524 749 1567 dissima
785 1524 900 1579 Ejus
933 1524 1175 1565 clementia
1209 1524 1288 1577 qui
1324 1523 1472 1565 ventis
1504 1528 1551 1565 et
1581 1524 1696 1565 mari
1726 1525 1811 1566 im·

561 1596 706 1643 perat,
726 1603 818 1631 non
853 1589 1023 1632 nostris
1051 1590 1240 1638 meritis,
1270 1589 1599 1630 obtinuerimus
1630 1589 1686 1630 de
1708 1596 1810 1631 tan-

560 1661 712 1697 torum
750 1656 950 1697 hostium
980 1654 1272 1696 multitudine
1302 1667 1544 1695 numerosa
1575 1655 1810 1696 victoriam

558 1725 606 1762 et
640 1721 933 1774 triumphum.
1018 1719 1124 1770 Quo
1159 1724 1362 1773 peracto,
1399 1732 1502 1760 cum
1547 1722 1811 1773 praegrandi

557 1787 780 1836 exercitu,
821 1799 904 1839 pro
942 1785 1114 1840 jurium
1151 1790 1409 1826 nostrorum
1450 1786 1809 1843 recuperatione,

555 1852 721 1892 exinde
749 1851 1109 1905 progredientes,
1138 1851 1451 1892 castrametati
1480 1863 1635 1891 sumus
1666 1864 1807 1905 prope

553 1917 789 1958 civitatem
835 1917 1131 1958 fortissimam
1182 1916 1536 1965 Tornacensem‚
1584 1917 1631 1957 in
1675 1916 1807 1971 cujus

553 1982 788 2024 obsidione
820 1981 1102 2035 aliquamdiu
1145 1981 1321 2035 jugiter
1353 1982 1580 2034 occupati,
1615 1986 1661 2023 et
1701 1995 1805 2024 con-

552 2048 742 2089 tinuatis
777 2048 992 2101 expensis
1028 2051 1075 2088 et
1106 2046 1341 2088 laboribus
1375 2046 1573 2100 fatigati,
1610 2053 1805 2100 praesto-

550 2113 697 2155 lantes
737 2114 783 2154 in
822 2112 1003 2154 silentio
1036 2113 1311 2165 promissum
1346 2113 1476 2153 nobis
1509 2112 1804 2166 adjutorium,

549 2180 847 2232 sperabamus
876 2178 1021 2219 indies
1049 2178 1301 2219 ministerio
1328 2178 1439 2219 dicti
1472 2178 1803 2233 archiepiscopi

550 2244 595 2284 in
621 2250 690 2286 tot
710 2250 756 2286 et
780 2245 827 2285 in
852 2244 992 2285 tantis
1015 2243 1183 2285 nostris
1206 2243 1555 2284 necessitatibus
1577 2244 1800 2294 relevari;

550 2310 733 2351 tandem
763 2323 844 2363 spe
875 2314 1100 2363 concepta
1130 2308 1353 2358 frustrati,
1392 2309 1499 2350 licet
1533 2322 1613 2362 per
1647 2301 1801 2363 plures

550 2376 740 2417 nuncios
761 2381 808 2417 et
830 2375 1036 2416 diversas
1059 2375 1216 2415 literas
1237 2374 1368 2427 plene
1389 2374 1800 2426 significaverimus

548 2441 742 2494 praefato
764 2441 1123 2494 archiepiscopo,
1145 2444 1191 2480 et
1213 2439 1315 2480 aliis
1334 2440 1605 2481 consiliariis
1631 2442 1799 2482 nostris

547 2506 633 2546 sibi
656 2506 1009 2555 adhaerentibuS,
1031 2510 1211 2546 nostras
1232 2504 1508 2557 indigentias
1528 2511 1575 2546 et
1598 2506 1802 2558 pericula

548 2572 677 2612 varia
710 2573 875 2625 quibus
898 2571 1098 2624 expositi
1121 2570 1340 2611 fuerimus
1364 2575 1552 2624 propter
1575 2571 1800 2612 defectum
1859 2619 1864 2630 Ι

546 2636 757 2688 promissi
804 2637 995 2678 subsidii
1031 2636 1284 2685 memorati,
1329 2635 1572 2676 utilitatem
1617 2637 1801 2690 insuper

543 2708 588 2741 et
642 2702 858 2743 honorem
918 2714 1033 2756 quos
1088 2715 1147 2742 ex
1186 2713 1406 2742 succursu
1445 2702 1651 2754 pecuniae
1695 2715 1800 2744 con-

541 2767 807 2819 scripsimus
843 2781 927 2809 nos
964 2780 1098 2820 posse
1130 2767 1325 2808 faciliter
1365 2767 1584 2816 obtinere,
1623 2767 1798 2809 nullum
