2038 3306
450 286 675 319 WAurmu
708 286 769 316 DE
802 286 1175 318 nummcssuncn.
1357 274 1444 316 319

181 394 443 448 expellitur,
464 393 558 434 filio
583 392 775 446 gradum
800 394 959 435 matris
983 394 1190 447 ingresso
1214 391 1443 434 successio
1462 398 1585 456 iffgwgml
1590 398 1660 456 313191-

182 465 293 502 tunc
345 458 568 509 differtur,
621 459 920 502 similitudine
977 459 1074 511 filii,
1117 459 1196 514 qui
1249 458 1441 512 gradum
1460 449 1599 513 Lesster'of
1641 450 1648 456 ’

182 526 386 580 parentis
432 525 683 567 deficientis
728 526 999 579 ingreditur,
1045 531 1098 567 ut
1143 525 1202 567 ad
1248 524 1444 578 patriam
1463 521 1540 579 „¹323
1551 520 1640 578 ssdt‘ne

181 593 517 634 successionem
554 604 657 632 cum
696 592 874 645 patruis
912 593 1052 634 etiam
1083 591 1369 640 admittatur,
1393 594 1445 630 ut
1462 586 1616 648 {2333}ss

181 660 246 700 sic
293 659 456 700 merito
502 658 649 699 tristis
689 663 852 707 mater,
897 658 1090 712 praefato
1129 658 1280 710 rigore
1319 656 1446 709 regia
1463 651 1656 711 ξιξζῑξξῑῗξξξῑῑ)

183 725 451 767 haereditate
475 723 664 774 nudata,
679 724 1005 766 substitutione
1018 723 1174 766 taliter
1195 723 1284 764 sibi
1305 722 1445 770 facta,
1462 719 1623 778 ὶξζζξζῗω
1632 717 1663 742 0‘

184 791 241 832 de
265 791 358 832 filio
395 790 597 844 gaudeat
635 790 891 839 consolata,
917 802 1000 830 nec
1037 788 1272 831 afflictioni
1303 787 1445 829 afflic-

185 858 354 899 tionem
412 855 684 904 accumulet,
737 855 859 908 quod
916 861 1080 897 sancta
1139 854 1445 897 consideratio

184 923 299 975 legis
330 922 561 970 abhorret,
591 922 712 962 sicut
736 921 942 962 videmus
966 922 1102 962 etiam
1136 924 1148 942 ‘
1166 920 1270 961 ubi'
1288 918 1300 940 ¹
1329 932 1446 960 onus

184 988 444 1030 afflictionis
466 986 761 1040 praeamabile
786 999 878 1028 non
911 987 1067 1028 intulit
1089 986 1183 1036 lex,
1207 985 1287 1027 sed
1313 998 1447 1026 casus

183 1055 232 1096 in
271 1053 389 1108 lege,
430 1053 604 1095 scilicet
637 1052 758 1106 quod
804 1052 1253 1094 consuetudinariam
1297 1051 1446 1105 legem

185 1120 388 1170 damnat,
445 1121 567 1161 bona
600 1118 921 1160 concedentem
962 1119 1042 1160 alii
1104 1118 1447 1171 naufragorum,

186 1200 279 1240 qua
298 1187 478 1228 ratione
502 1185 624 1239 quod
660 1185 707 1226 in
732 1197 953 1238 expresso
983 1185 1125 1238 legali
1155 1198 1239 1239 pro
1259 1183 1449 1226 vitanda

186 1252 444 1294 afflictionis
466 1251 723 1307 adjectione
742 1251 1001 1304 corrigitur,
1033 1251 1177 1292 multo
1207 1250 1371 1292 fortius
1403 1250 1451 1290 in

187 1320 328 1360 tacito
374 1318 652 1372 prohibetur.
737 1316 853 1370 Legi
909 1330 1018 1370 ergo
1063 1318 1195 1370 regni
1243 1316 1450 1358 Franciae

187 1385 385 1426 sufficiat
420 1384 664 1438 plusquam
698 1383 848 1436 plene,
886 1383 1038 1433 matri,
1073 1396 1164 1425 non
1200 1395 1284 1424 suo
1320 1383 1450 1432 vitio,

190 1452 271 1492 sed
323 1456 500 1492 naturae
558 1450 696 1499 facto,
742 1462 845 1502 quae
891 1449 1105 1490 feminam
1158 1449 1268 1491 fecit
1309 1449 1450 1498 illam,

190 1517 366 1558 radices
391 1517 541 1569 regias
565 1515 824 1563 succidisse,
840 1515 1055 1569 quodque
1073 1519 1219 1556 mater
1233 1528 1450 1568 expresse

189 1596 272 1636 per
299 1583 448 1635 legem
483 1582 632 1635 ipsam
660 1581 1042 1622 exhaeredationis
1079 1581 1292 1634 propriae,
1317 1580 1451 1634 quasi

189 1648 419 1702 quoddam
458 1647 746 1700 naufragium
782 1647 1002 1700 patiatur,
1033 1648 1206 1700 absque
1241 1659 1296 1688 eo
1327 1646 1449 1700 quod

190 1728 250 1756 ex
283 1714 398 1768 legis
430 1713 636 1769 praesatae
670 1713 968 1767 consequenti
1004 1713 1163 1763 tacito,
1188 1712 1310 1754 omni
1344 1712 1451 1767 jure

189 1782 434 1831 contrario,
486 1793 590 1821 cum
635 1779 729 1820 filio
780 1778 1074 1821 exhaeredato
1113 1779 1276 1820 iterum
1338 1791 1452 1820 nau-

189 1847 408 1900 fragetur,
445 1852 491 1888 et
521 1847 618 1887 sine
653 1846 790 1899 culpa
824 1858 964 1899 poena
985 1845 1245 1887 inveniatur
1278 1845 1452 1898 augeri,

193 1926 311 1962 cum,
334 1913 410 1954 ubi
430 1913 567 1954 etiam
591 1911 729 1965 culpa
753 1916 838 1960 est,
852 1911 1017 1952 debeat
1041 1911 1249 1952 emolliri.
1300 1909 1452 1952 Aliter

193 1979 372 2020 etiamsi
395 1991 479 2032 pro
504 1991 558 2019 eo
574 1977 695 2031 quod
713 1982 859 2018 mater
878 1990 937 2018 ex
955 1977 1060 2032 jure
1074 1990 1165 2018 non
1186 1977 1454 2019 admittetur

193 2045 251 2086 ad
298 2058 504 2098 regnum,
542 2043 702 2097 repelli
739 2043 845 2098 jure
889 2042 1011 2084 filius
1055 2043 1390 2095 intelligeretur
1426 2055 1454 2084 a

194 2124 351 2163 regno.
413 2110 681 2152 Judaeorum
723 2121 912 2161 regnum
947 2113 1108 2151 contra
1147 2109 1251 2149 fidei
1292 2108 1456 2150 funda-

194 2182 398 2218 mentum
421 2190 512 2218 non
542 2175 825 2229 pervenisset
846 2175 1062 2227 rlegitime
1092 2174 1148 2215 ad
1174 2174 1204 2215 J
1209 2187 1354 2223 esum,
1377 2175 1454 2227 qui

195 2249 348 2283 tamen
385 2247 521 2284 natus
557 2241 646 2283 Dei
678 2241 895 2290 misterio,
918 2253 1009 2282 non
1053 2240 1173 2282 virili
1208 2241 1454 2290 consortio,

196 2322 255 2349 ex
278 2308 472 2349 feminea
494 2307 638 2360 regali
668 2307 794 2360 prole
829 2307 1048 2348 Davitica
1080 2307 1235 2348 Maria
1264 2307 1455 2359 virgine,

197 2375 252 2415 ad
290 2387 477 2427 regnum
520 2373 781 2428 hujusmodi
813 2385 902 2413 non
944 2373 1146 2414 admissa
1188 2385 1270 2414 nec
1317 2373 1457 2414 etiam

158 2494 161 2497 .
197 2440 496 2490 admittenda,
517 2453 599 2494 per
625 2444 796 2481 certam
818 2439 922 2480 fidei
944 2439 1196 2488 veritatem,
1217 2452 1299 2479 rex
1321 2452 1458 2480 verus

196 2511 243 2548 et
289 2507 521 2559 legitimus
565 2505 721 2547 extitit
764 2504 794 2546 J
800 2505 1048 2546 udaeorum.
1140 2503 1277 2546 Absit
1319 2505 1456 2546 etiam

196 2573 318 2626 quod
342 2572 396 2613 ‘J
401 2585 481 2613 esu
514 2571 594 2612 filii
619 2570 810 2613 ΒὲινίεΓρ
842 2570 1007 2624 regalis
1031 2571 1271 2621 successio,
1294 2570 1458 2624 legalis

195 2639 499 2680 observantiae
522 2638 619 2679 sive
643 2637 749 2679 nodi
776 2636 914 2678 fuerit
934 2636 1135 2678 fractura
1155 2637 1252 2678 sive
1275 2637 1458 2686 solutio,

245 2741 252 2759 ¹
277 2739 426 2770 Omitted
454 2740 488 2770 in
515 2739 590 2769 MS.
616 2738 702 2770 Con.
718 2739 809 2769 Trin.

197 2786 239 2818 R·
258 2790 289 2825 5,
307 2788 358 2818 1⁰·
893 2759 906 2778 ²
929 2761 938 2778 ‘
950 2760 1056 2792 ,Iesus
1072 2760 1161 2792 filius
1176 2760 1314 2801 David‚'
1331 2760 1431 2792 MSS.
