2038 3306
504 292 589 332 240
912 304 915 305 ’
998 301 1276 332 cuuomcon

307 415 468 475 {⁶3³5}ss
506 410 618 447 aunt
648 402 817 446 ovckes
842 403 918 444 ‘la
949 410 1074 457 gent,
1096 418 1122 446 e
1153 405 1344 446 boutent
1380 404 1460 447 des
1493 404 1758 459 espaules’¹

293 468 408 530 Wr'stjff
472 467 479 475 '
506 485 593 526 pur
622 483 762 525 queer
787 468 990 518 conthec‚
1017 482 1043 511 e
1069 482 1186 524 puys
1206 471 1363 512 volent
1390 483 1628 513 manacere
1654 484 1763 513 ceuz

291 538 463 564 T¹⁸¹¹b³t⁰m
508 550 564 590 qe
579 537 610 577 il
631 540 745 577 ount
766 535 957 576 debutez
978 548 1037 576 ou
1059 535 1216 577 hurtez
1240 536 1295 576 de
1312 536 1385 576 vie
1398 541 1445 577 et
1467 537 1524 577 de
1549 539 1762 584 membre,

502 600 607 656 jesk
631 615 659 642 a
682 606 816 642 taunt
835 601 882 654 qi
902 600 935 641 il
955 604 1068 642 ount
1091 600 1156 641 fet
1176 613 1283 653 gree
1307 613 1367 642 ou
1387 601 1467 654 syn
1488 601 1659 644 ovekes
1680 615 1763 644 euz

509 680 538 709 a
558 667 631 708 lur
656 667 858 716 volunte,
877 678 936 707 ou
960 665 1016 707 de
1041 665 1220 715 deners,
1240 677 1301 706 ou
1320 666 1399 706 des
1424 666 1673 717 chathews,
1702 679 1763 709 ou

509 732 566 774 de
586 732 685 783 vin;
707 731 855 786 yssint
875 730 933 773 ke
949 730 1016 773 les
1037 731 1228 773 batours
1251 736 1443 785 pernent
1464 731 1531 773 les
1552 733 1765 774 amendes

510 811 535 839 e
559 803 669 840 nent
688 798 754 839 les
775 798 925 839 batuz.

297 879 496 904 A.1).1303-·
578 863 726 917 Super
767 862 1000 917 praedictis
1040 861 1246 903 articulis
1293 861 1575 916 inquirendis
1628 863 1764 906 electi

299 912 695 981 1„„2{‘,'‡„,„1·uerunt
746 928 986 970 duodecim
1036 932 1132 969 tam
1177 927 1346 970 milites
1400 940 1537 981 quam
1591 927 1764 982 legales

298 988 479 1046 ξῗιῖ-ῗξῑζνῐῆ
511 994 731 1044 homines,
762 994 841 1048 qui
875 994 932 1035 de
961 993 1134 1035 villatis
1175 993 1432 1046 singulares
1462 993 1667 1036 fecerunt
1696 994 1766 1036 in-

300 1054 397 1080 b²²⁰¹¹·
513 1059 779 1114 quisitiones
796 1076 808 1109 ;
846 1064 893 1101 et
913 1059 1095 1101 tandem
1117 1058 1333 1112 quicquid
1355 1059 1555 1100 fecerant
1576 1064 1623 1101 et
1642 1061 1765 1114 quod

513 1125 782 1167 invenerant
823 1125 908 1166 sub
945 1124 1110 1177 sigillis
1146 1123 1242 1164 suis
1277 1124 1508 1177 praedictis
1547 1125 1766 1167 militibus

513 1190 812 1240 tradiderunt,
844 1190 963 1231 sicut
999 1190 1046 1230 in
1083 1189 1186 1229 aliis
1223 1189 1514 1230 comitatibus
1548 1196 1769 1233 noverant

513 1268 614 1297 esse
651 1256 837 1297 factum.
907 1254 1219 1308 Indictatique
1250 1259 1358 1295 sunt
1392 1254 1541 1305 multi,
1571 1268 1767 1308 quorum

513 1321 695 1374 quidam
744 1320 869 1374 capti
912 1320 1112 1369 fuerunt,
1149 1319 1420 1362 incarcerati
1459 1325 1505 1361 et
1542 1323 1766 1374 suspensi,

513 1386 696 1440 quidam
728 1399 836 1427 vero
867 1385 1076 1427 mulctati
1108 1385 1327 1438 graviter,
1358 1391 1405 1428 et
1436 1386 1516 1439 qui
1545 1386 1769 1430 timebant

513 1452 600 1493 sibi
642 1454 935 1493 retraxerunt
972 1464 1021 1492 se
1062 1450 1310 1492 deteriores
1350 1451 1510 1495 effecti.
1595 1452 1768 1495 Eodem

514 1529 635 1559 anno
659 1517 966 1559 Flandrenses
991 1516 1256 1558 devicerunt
1283 1517 1487 1558 Francos
1514 1517 1561 1558 in
1587 1519 1768 1571 proelio,

513 1583 559 1624 in
592 1583 793 1636 cras-tino
821 1581 1091 1623 Nativitatis
1122 1581 1269 1623 beatae
1293 1581 1512 1635 Virginis,
1543 1588 1589 1624 et
1615 1596 1769 1625 corru—

302 1665 407 1690 neam
419 1664 451 1689 or
515 1653 648 1690 erunt
665 1648 813 1698 multi,
829 1648 1032 1700 abiitque
1052 1651 1300 1687 retrorsum
1318 1648 1416 1701 ipse
1430 1661 1524 1688 rex:
1596 1649 1768 1691 Eodem

299 1698 456 1763 {2¹1¹ssssssssss
515 1726 636 1755 anno
656 1713 769 1755 obiit
791 1717 803 1735 ‘
818 1713 1045 1754 dominus’
1059 1710 1074 1732 ²
1097 1712 1330 1754 Walterus
1351 1713 1406 1754 de
1427 1713 1770 1769 Faucomberge

301 1775 478 1840 Ξοῗξξῐξω·
516 1778 704 1832 primus,
738 1779 815 1832 qui
846 1778 1043 1819 duxerat
1064 1777 1289 1831 Agnetem
1321 1791 1522 1820 sororem
1558 1779 1685 1821 Petri
1713 1781 1770 1822 de

305 1842 380 1866 ¹³⁰³·
518 1844 652 1894 Brus,
685 1845 759 1885 cui
797 1845 842 1885 in
881 1849 1057 1897 partem
1101 1856 1231 1884 suam
1271 1844 1436 1886 cecidit
1475 1850 1674 1886 castrum
1715 1847 1770 1888 de

304 1919 378 1946 Nov-
391 1921 416 1945 2·
517 1909 724 1959 Skelton‚
738 1910 809 1950 die
826 1909 999 1950 scilicet
1013 1908 1466 1951 Commemorationis
1486 1909 1770 1963 Animarum,

517 1975 635 2016 inter
656 1979 841 2016 sanctos
865 1975 969 2016 festi
990 1974 1290 2028 praecedentis
1315 1980 1361 2016 et
1387 1981 1571 2017 sanctas
1594 1978 1772 2019 animas

518 2039 623 2082 festi
646 2040 967 2094 subsequentis
995 2039 1146 2081 media
1168 2041 1298 2093 quasi
1329 2046 1462 2083 nocte
1490 2049 1772 2094 numeratus,

516 2105 814 2159 sepultusque
848 2111 917 2147 est
948 2105 1069 2160 apud
1103 2104 1283 2159 Killing
1321 2106 1367 2147 in
1404 2106 1689 2149 Howdernes
1727 2110 1773 2150 in

517 2171 710 2212 ecclesia
732 2176 994 2213 sanctarum
1021 2170 1303 2221 monialium,
1325 2185 1428 2224 quae
1457 2178 1557 2214 erat
1586 2185 1646 2214 ex
1670 2174 1775 2215 fun-

303 2241 407 2300 ἓξὲξ
414 2274 492 2307 April
518 2236 704 2278 datione
722 2242 1059 2279 antecessorum
1082 2250 1281 2278 suorum.
1334 2237 1507 2279 Eodem
1526 2251 1643 2280 anno
1662 2241 1775 2295 obiit

304 2292 404 2333 ¹³⁰⁴·’
495 2293 727 2344 'dominus
770 2303 1001 2344 Robertus
1039 2303 1096 2344 de
1134 2303 1255 2343 Brus
1296 2303 1498 2356 quintus,
1541 2304 1633 2346 cito
1670 2311 1774 2358 post

522 2367 718 2418 Pascha,
734 2381 837 2409 cum
853 2373 975 2410 esset
997 2369 1043 2409 in
1066 2368 1142 2409 via
1155 2381 1314 2409 versus
1331 2368 1514 2410 Vallem
1535 2369 1772 2420 Anandiae,

304 2452 378 2476 John
393 2451 468 2477 Ψω-
518 2434 817 2488 sepultusque
838 2439 908 2475 est
923 2434 968 2474 in
988 2434 1264 2475 monasterio
1281 2434 1336 2474 de
1359 2434 1545 2476 Holme.
1600 2436 1774 2477 Eodem

303 2485 500 2549 ἓᾞέξῗῗεκῧῖ.
519 2511 637 2540 anno
671 2500 785 2541 obiit
818 2512 968 2541 comes
996 2499 1052 2540 de
1083 2499 1319 2540 Warenna
1354 2500 1384 2541 J
1388 2500 1604 2550 ohannes,
1638 2501 1774 2542 homo

517 2577 675 2615 senex,
706 2565 1006 2619 sepultusque
1039 2569 1108 2606 est
1142 2565 1263 2616 apud
1300 2564 1433 2606 Lews
1465 2571 1568 2618 post
1602 2566 1774 2607 Natale

565 2753 574 2773 ¹
598 2756 751 2787 Inserted
766 2756 848 2787 from
867 2757 940 2789 MS.
962 2757 1002 2789 A.
1204 2755 1217 2775 ²
1240 2757 1390 2789 Omitted
1406 2758 1439 2788 in
1456 2757 1530 2789 MS.
1548 2758 1671 2790 Lansd.
