2038 3306
483 323 708 354 WALTERJ
743 323 805 353 DE
836 323 1213 355 nssmiucssuncn.
1387 315 1469 356 171

211 432 508 477 armatorum,
536 433 589 469 ut
612 427 794 478 dicitur,
824 428 1069 482 plusquam
1093 433 1293 482 quatuor
1327 428 1472 470 millia
1506 441 1626 467 navam
1648 440 1671 466 1.

211 499 259 536 et
295 494 429 535 multi
467 493 729 548 pedestres:
766 499 813 535 et
851 495 1048 548 ingressi
1088 500 1197 537 sunt
1235 495 1470 537 civitatem
1489 475 1672 556 οἳωῗῃξέἰῗι

212 560 268 602 de
308 560 483 609 Gaunt‚
517 560 713 614 sparsim
754 560 939 614 quidem
981 566 1028 602 et
1064 562 1203 615 pauci
1237 561 1373 603 simul
1415 575 1472 603 ne
1489 564 1638 590 ¹¹¹Gh011‘·

211 626 407 681 alicujus
430 627 541 668 mali
571 627 771 681 suspicio
798 632 962 668 contra
994 640 1150 669 eorum
1184 628 1472 682 propositum

211 693 422 743 oriretur,
447 698 494 735 et
525 692 746 747 hospitati
777 698 885 735 sunt
913 694 960 734 in
992 693 1173 735 solariis
1198 694 1394 735 excelsis
1427 699 1474 736 et

212 760 420 801 cavernis
441 759 660 814 plurimis.
730 759 818 800 Die
832 772 941 801 vero
961 759 1189 809 condicto,
1207 760 1255 801 in
1273 761 1474 802 crastino
1491 772 1623 831 ffindgy,

212 826 388 867 scilicet
421 825 765 867 Purificationis
799 825 948 866 beatae
987 825 1212 879 Virginis,
1246 839 1340 868 una
1369 839 1474 868 cum
1514 813 1557 831 θ’
1588 822 1596 830 ’

213 891 393 933 duobus
415 891 522 933 filiis
543 890 690 945 ipsius
708 891 904 939 comitis,
920 890 1155 933 Willelmo
1179 896 1225 933 et
1251 891 1474 943 Roberto,

212 957 382 999 clausis
405 957 552 1011 portis
581 957 798 1006 civitatis,
819 969 997 998 summo
1020 970 1156 999 mane
1180 964 1476 1001 armaverunt

212 1035 262 1065 se
310 1028 358 1065 et
406 1028 720 1065 convenerunt
761 1022 934 1076 pariter
977 1036 1151 1065 omnes.
1222 1023 1283 1065 Et
1329 1025 1476 1078 primo

212 1088 396 1144 quidem
434 1088 631 1143 Anglos,
665 1101 782 1142 quos
814 1089 861 1130 in
895 1089 991 1130 suis
1021 1088 1234 1144 hospitiis
1269 1090 1477 1133 invenire

214 1160 444 1210 poterant,
494 1160 814 1210 peremerunt;
864 1155 1026 1197 deinde
1076 1156 1377 1210 procedentes
1430 1158 1478 1199 in

214 1221 462 1276 publicum,
507 1227 558 1263 ut
603 1234 760 1263 omnes
803 1221 905 1275 pari
945 1222 1206 1264 conditione
1254 1222 1476 1274 delerent,

215 1288 450 1330 resraenati
516 1293 641 1338 sunt,
700 1301 755 1330 eo
815 1287 938 1341 quod
999 1288 1129 1330 Deus
1187 1290 1477 1343 omnipotens

216 1355 454 1409 impedivit
503 1367 599 1405 eos,
641 1354 720 1408 qui
760 1354 1030 1396 innocentes
1074 1355 1238 1396 liberat
1282 1360 1327 1397 et
1367 1369 1477 1398 suos

215 1421 385 1475 ubique
409 1420 576 1463 salvat.
643 1419 867 1462 Ascendit
897 1421 1018 1462 enim
1041 1420 1214 1463 clamor
1233 1422 1322 1463 iste
1347 1423 1477 1464 terri-

218 1487 321 1528 bilis
354 1500 502 1541 usque
534 1486 593 1528 ad
627 1499 762 1527 aures
796 1487 1031 1541 principis,
1059 1492 1105 1529 et
1133 1487 1276 1542 jussit
1310 1489 1478 1530 armari

217 1566 326 1595 suos
352 1558 364 1578 ‘
379 1553 489 1607 quin
504 1552 538 1574 ’¹
565 1556 612 1594 et
635 1552 734 1605 ipse
757 1552 998 1594 confestim
1020 1559 1227 1595 armatus
1252 1555 1479 1607 processit

216 1620 263 1660 in
280 1619 531 1674 publicum,
548 1623 595 1660 et
610 1624 938 1660 concurrentes
955 1619 1356 1662 circumsteterunt
1372 1634 1475 1662 eum

216 1686 288 1726 sui
318 1686 538 1727 universi.
609 1683 802 1726 Interim
832 1685 1067 1738 pedestres
1099 1686 1246 1727 nostri
1274 1691 1320 1728 et
1345 1688 1479 1740 quasi
1495 1707 1557 1732 The
1575 1706 1694 1738 Engush

217 1752 355 1794 robur
374 1752 620 1801 exercitus,
641 1751 720 1805 qui
743 1756 876 1793 erant
905 1752 952 1792 in
974 1752 1191 1794 suburbio
1214 1756 1349 1794 extra
1370 1766 1478 1807 por·
1496 1741 1562 1813 ἓξὲξ
1571 1747 1682 1799 ξ’ἕῗῗιῗ

216 1824 288 1860 tas
321 1818 541 1868 civitatis,
578 1817 820 1859 audientes
850 1817 1073 1872 populum
1105 1810 1564 1870 tumultuantem,⁰¹²y·

216 1885 436 1926 dixerunt
474 1885 594 1926 inter
627 1897 692 1934 se,
735 1884 1007 1926 “Seductus
1047 1889 1118 1926 est
1152 1898 1236 1926 rex
1279 1890 1326 1927 et
1365 1887 1481 1928 occi·

214 1951 387 1992 duntur
416 1951 586 1993 domini
613 1951 772 2001 nostri,
798 1955 844 1992 et
879 1950 988 2004 quid
1023 1950 1150 1992 aliud
1177 1964 1278 1992 esse
1309 1953 1481 2005 poterit

214 2030 319 2059 cum
357 2017 562 2059 ululatus
601 2021 842 2058 excrescat
885 2022 932 2059 et
973 2017 1144 2058 clausae
1185 2022 1294 2059 sunt
1331 2022 1479 2071 portae

214 2084 448 2126 civitatis?
535 2084 706 2125 Eamus
755 2096 882 2136 ergo,
936 2087 982 2124 et
1025 2084 1064 2124 si
1111 2096 1297 2125 necesse
1341 2084 1480 2126 fuerit

215 2162 319 2191 cum
346 2151 412 2191 eis
437 2151 703 2200 moriamur,
732 2148 965 2203 quoniam,
995 2148 1106 2202 ipsis
1137 2149 1372 2200 extinctis,
1395 2150 1480 2191 im-

216 2216 434 2270 possibile
475 2216 608 2257 nobis
651 2215 739 2257 erit
779 2219 832 2256 ut
870 2214 1149 2256 salvemur.”
1219 2215 1479 2270 Statimque

215 2282 357 2323 allato
378 2282 500 2335 igne,
517 2281 662 2335 paleis
676 2286 723 2323 et
743 2280 899 2334 lignis,
914 2281 1066 2322 butiro
1081 2286 1127 2323 et
1144 2281 1295 2335 adipe,
1305 2288 1352 2323 et
1367 2286 1380 2304 ‘
1391 2295 1480 2324 cae-

215 2348 326 2390 teris
343 2349 600 2402 quibusque
615 2347 626 2363 ’
639 2343 655 2367 ²
673 2346 1016 2397 cremabilibuS,
1040 2348 1173 2401 quasi
1186 2347 1233 2388 in
1247 2353 1479 2391 momento

215 2415 567 2456 combusserunt
606 2419 767 2468 portas
808 2412 1014 2455 civitatis
1053 2426 1111 2455 ex
1157 2414 1281 2455 omni
1317 2419 1477 2468 parte;

215 2486 262 2522 et
284 2480 479 2534 ingressi
500 2485 716 2534 potenter
740 2479 1054 2528 incenderunt,
1076 2479 1407 2533 spoliaverunt,
1433 2486 1480 2524 et

215 2551 506 2602 peremerunt
531 2546 637 2588 hinc
667 2551 715 2588 et
744 2546 865 2596 inde,
894 2558 978 2587 nec
1008 2545 1243 2599 perierunt
1273 2559 1334 2587 ex
1366 2547 1480 2602 ipsis

217 2613 303 2655 nisi
332 2626 418 2655 sex
442 2626 666 2667 personae,
695 2617 743 2654 et
771 2612 836 2653 hii
863 2617 1136 2654 corruerunt
1156 2612 1214 2654 ad
1244 2612 1480 2655 introitum

260 2776 271 2797 ¹
296 2777 445 2809 Omitted
469 2778 503 2808 in
519 2777 621 2810 MSS.
638 2777 725 2809 Coll.
739 2777 832 2809 Trin.
911 2774 926 2795 ²
947 2776 958 2794 ‘
974 2776 1198 2819 caeterisque:
1261 2777 1336 2811 MS.
1395 2777 1484 2810 Cott.

212 2825 278 2857 and
295 2824 384 2856 Cott.
396 2824 503 2864 Vesp.
866 2824 971 2862 Vesp.
