2038 3306
367 417 487 446 mma
506 416 563 446 m.

382 454 413 478 A.
424 452 459 479 D.
478 453 553 478 1841

366 509 443 539 King
455 507 509 533 Ed-

365 540 448 567 ward·
450 548 462 566 ι
482 541 565 566 letter

364 579 394 600 to
402 574 450 599 the
460 573 564 606 Bishop

365 608 396 633 or
406 607 531 633 London.

577 290 665 334 386
1061 302 1337 334 onnomcou

581 406 681 462 ejus
712 405 1029 448 voluntatibus
1069 418 1152 459 per
1195 405 1349 447 omnia
1390 405 1723 459 adquievimus,
1761 417 1837 446 so-

582 473 788 528 phisticae
822 470 1079 513 dilectionis
1113 470 1292 521 faciem,
1313 471 1420 513 fuco
1449 472 1678 513 mendacis
1705 473 1836 513 bene-

583 539 796 582 volentiae
828 537 1083 592 palliatam,
1111 550 1236 578 more
1268 538 1414 591 patris
1449 538 1673 587 amabilis,
1706 538 1836 578 uobis

582 604 866 659 praetendere
905 603 1157 652 consuevit,
1194 604 1347 644 subito
1388 602 1435 644 in
1473 603 1682 644 vitricum
1727 616 1837 644 one-

582 683 737 713 rosum
783 675 829 711 et
874 681 1123 723 gravamen
1171 669 1415 711 crudeliter
1461 674 1533 710 est
1574 681 1837 718 conversus,

582 749 666 791 pro
707 735 938 778 beneficiis
973 735 1177 788 acceptis
1211 735 1439 788 ingratus,
1473 735 1665 775 tumoris
1710 746 1839 775 arro-

583 802 740 857 gantia
782 801 1048 843 beneficium
1099 801 1401 855 persequitur,
1450 804 1497 841 et
1542 800 1669 841 illam
1709 799 1840 841 nobis

584 867 931 910 retributionem
963 866 1174 916 reddidit,
1195 880 1350 921 quam,
1367 866 1507 921 juxta
1527 866 1718 919 vulgare
1737 877 1841 919 pro-

585 935 807 984 verbium,
831 945 932 974 mus
970 933 1017 973 in
1049 944 1177 986 pera,
1197 945 1384 987 serpens
1415 933 1463 973 in
1497 933 1686 984 gremio,
1717 931 1840 984 ignis

584 1001 631 1042 in
662 1001 781 1050 sinu,
812 1000 908 1040 suis
940 1003 1277 1040 consueverunt
1315 997 1572 1052 hospitibus
1607 997 1838 1039 exhibere.

591 1066 714 1108 Nam
763 1066 871 1107 licet
918 1065 1064 1112 nobis,
1092 1063 1175 1105 vad
1226 1064 1382 1117 regale
1426 1063 1679 1116 fastigium,
1731 1062 1839 1117 jure

587 1131 890 1180 haereditario,
910 1130 1066 1171 divina
1085 1135 1361 1183 cooperante
1382 1130 1548 1182 gratia,
1565 1129 1841 1177 sublimatis,

585 1196 853 1238 detestabile
889 1207 1069 1248 semper
1102 1195 1164 1235 sit
1197 1201 1244 1237 et
1278 1195 1416 1236 fuerit
1456 1195 1584 1236 abuti
1624 1194 1842 1248 potentiae

585 1261 913 1314 magnitudine,
946 1261 1026 1314 qui
1065 1260 1255 1302 summis
1297 1260 1532 1301 desideriis
1575 1259 1841 1302 affectamus

586 1328 826 1369 clementia
860 1331 906 1368 et
941 1326 1133 1367 lenitate
1174 1339 1277 1367 cum
1309 1325 1619 1367 moderamine
1647 1325 1843 1380 justitiae

586 1395 841 1447 gubernare
897 1392 1146 1446 subjectos,
1179 1395 1193 1413 ‘
1212 1392 1290 1433 ut’
1310 1391 1321 1413 ¹
1358 1396 1522 1445 optata
1572 1391 1843 1433 mortalibus

586 1460 764 1500 cunctis
797 1471 911 1512 pace
945 1457 1154 1512 populus.
1184 1457 1388 1509 fruatur3
1419 1458 1518 1511 ipse
1553 1462 1706 1499 tamen
1737 1469 1843 1498 nos-

588 1531 705 1567 tram
729 1525 1034 1566 innocentiam
1057 1536 1112 1564 ac
1133 1523 1493 1565 consiliariorum
1513 1527 1560 1564 et
1582 1522 1842 1565 officialium

587 1595 847 1632 nostrorum
906 1589 1107 1643 regalem
1164 1589 1393 1644 justitiam
1453 1589 1842 1643 prosequentium,

589 1656 857 1697 fidelitatem
915 1660 963 1696 et
1023 1654 1306 1707 diligentiam
1372 1654 1586 1696 convitiis
1650 1655 1839 1704 lacerat,

589 1722 772 1775 publice
807 1720 1110 1774 praedicando,
1132 1725 1179 1762 et
1208 1720 1303 1761 suis
1330 1721 1473 1762 literis
1505 1720 1768 1774 patentibus
1794 1721 1843 1761 in

590 1787 784 1829 diversis
849 1787 1059 1840 partibus
1112 1786 1347 1840 publicare
1395 1786 1670 1836 mandando,
1722 1786 1843 1840 quod

592 1858 820 1906 potestate
851 1853 995 1905 regia,
1022 1852 1192 1893 nostris
1226 1852 1522 1906 temporibus,
1549 1859 1712 1894 contra
1741 1853 1842 1906 jus·

591 1919 742 1960 titiam
781 1918 1055 1972 opprimitur
1098 1917 1312 1971 populus,
1352 1918 1501 1959 clerus
1539 1918 1845 1968 confunditur,

591 1996 784 2037 regnum
831 1984 971 2025 variis
1014 1983 1348 2033 exactionibus,
1386 1990 1433 2025 et
1473 1983 1613 2025 talliis
1643 1997 1847 2038 praegra-

591 2055 744 2092 vatur.
828 2049 890 2091 Et
945 2049 1054 2103 quia
1107 2061 1273 2090 nomen
1330 2050 1437 2091 boni
1495 2050 1709 2103 pastoris,
1753 2062 1845 2103 quo

594 2115 820 2157 hactenus
859 2128 1040 2168 semper
1070 2116 1233 2164 caruit,
1263 2127 1367 2156 cum
1407 2116 1469 2156 sit
1510 2128 1671 2157 revera
1707 2116 1848 2170 juxta

589 2194 873 2223 communem
908 2181 1166 2234 opinionem
1192 2186 1238 2222 et
1267 2181 1595 2223 confessionem
1616 2182 1847 2235 propriam

590 2248 790 2301 publice,
809 2251 863 2288 ut
894 2247 1054 2297 fertur,
1078 2247 1307 2295 emissam,
1329 2247 1506 2289 notorie
1526 2248 1846 2296 mercenariuS,

590 2313 818 2355 fallaciter
852 2313 1015 2353 nititur
1047 2325 1285 2366 usurpare,
1322 2313 1526 2354 fucatum
1563 2313 1710 2354 zelum
1744 2308 1849 2355 vvul-

591 2380 711 2432 pinae
745 2378 1011 2420 calliditatis
1044 2378 1148 2419 fuco
1187 2379 1466 2431 perizomate
1503 2379 1759 2432 palliatum,
1789 2378 1847 2420 ad

594 2444 908 2486 liberationem
935 2443 1158 2494 ecclesiae,
1189 2444 1322 2498 cujus
1341 2446 1628 2494 vexationes,
1661 2446 1700 2485 si
1733 2458 1849 2498 quas

593 2511 641 2551 in
672 2511 808 2552 rebus
839 2509 911 2552 vel
941 2510 1148 2564 personis
1184 2514 1344 2552 nostro
1383 2515 1586 2564 tempore
1618 2511 1851 2560 sustinuit,

595 2577 776 2629 praefati
821 2575 1151 2629 archiepiscopi
1213 2575 1441 2617 duntaxat
1490 2575 1761 2625 remissioni,
1806 2582 1853 2617 et

595 2642 774 2683 callidis
804 2642 1201 2683 adinventionibus
1222 2646 1269 2683 et
1299 2642 1504 2694 reprobis
1524 2642 1726 2683 consiliis
1745 2647 1854 2683 sunt

834 2790 843 2809 ¹
871 2791 1045 2822 Amended
1062 2790 1145 2822 from
1160 2790 1305 2830 Rymer;
1331 2790 1431 2822 MSS.
1447 2791 1529 2822 read
1544 2792 1554 2809 ‘
1564 2790 1621 2823 et!
