2038 3306
485 307 714 340 WALTERI
746 307 808 337 DE
839 307 1218 342 nmumcssuncn.
1385 300 1472 342 281

207 413 447 466 tegraliter
478 417 525 454 et
557 411 743 454 realiter
779 411 1001 463 indilate3
1043 418 1088 454 et
1128 412 1252 466 quod
1288 412 1471 455 eosdem
1507 434 1678 462 naman.

206 479 602 521 administratores
641 483 861 519 tueantur
911 482 956 519 et
1005 477 1268 528 defendant,
1318 479 1470 532 quoad
1489 468 1677 548 Bffln‘f'ssoe‘

205 546 459 587 custodiam
476 550 522 587 et
538 543 978 586 administrationem
989 543 1215 593 *dictorum
1234 545 1473 596 bonorum,
1489 530 1626 582 cssmssnt.
1637 528 1688 554 ⁰¹²²

207 624 309 653 cum
346 611 516 653 fuerint
554 610 790 664 requisiti:
821 609 901 651 sed
938 609 1043 651 fidei
1077 609 1349 652 orthodoxae
1384 610 1474 652 fer-

206 690 333 728 vore,
370 690 556 720 suorum
596 675 941 730 progenitorum
991 676 1190 729 vestigia
1231 676 1358 719 clara
1399 689 1472 718 se-

209 756 370 797 quens,
411 755 651 792 accensus,
698 741 754 782 de
791 741 1056 795 praemissis,
1088 746 1312 795 quantum
1346 742 1474 786 licite

210 810 377 863 potuit,
398 823 449 852 se
476 808 743 857 informanS,
765 806 824 847 ad
856 806 1174 849 instruendum
1194 813 1242 850 et
1273 808 1474 850 forman-

209 876 319 917 dum
342 888 426 916 nos
450 887 589 928 super
618 873 718 924 has,
743 872 916 913 multas
946 878 992 914 et
1023 885 1215 926 magnas
1243 874 1376 915 nobis
1402 875 1471 916 in·

208 940 506 982 formationes
527 951 609 993 per
627 950 739 979 suos
753 937 945 980 nuncios
964 942 1011 979 et
1031 937 1189 980 literas
1209 938 1474 983 destinavit.

211 1005 410 1049 Infamia
431 1018 541 1047 vero
554 1009 716 1046 contra
727 1002 1097 1057 Templariorum
1110 1004 1475 1048 increbrescente

208 1072 407 1113 validius
421 1084 558 1126 super
570 1069 819 1112 sceleribus
838 1069 1086 1124 praedictis,
1101 1075 1148 1112 et
1165 1071 1273 1124 quia
1289 1071 1475 1124 quidam

210 1138 378 1180 milites
404 1137 608 1192 ejusdem
642 1135 812 1177 ordinis
844 1148 997 1177 coram
1027 1136 1158 1177 nobis
1189 1141 1366 1178 secreto
1395 1137 1474 1179 de·

211 1209 462 1257 posuerunt
472 1203 635 1258 jurati,
656 1201 778 1256 quod
800 1202 845 1242 in
871 1202 1130 1255 receptione
1151 1202 1343 1244 fratrum
1362 1217 1476 1257 prae·

214 1270 325 1311 dicti
367 1269 539 1311 ordinis
578 1268 676 1309 haec
714 1261 1015 1318 consuetudo)
1056 1268 1131 1309 vel
1176 1269 1332 1310 verius
1372 1282 1473 1311 cor-

211 1335 407 1390 ruptela,
427 1341 655 1384 servatur,
680 1333 803 1387 quod
835 1334 892 1375 ad
929 1334 1190 1388 recipientis
1213 1336 1474 1388 suggestio-

212 1416 315 1443 nem
348 1402 426 1455 qui
460 1401 679 1455 recipitur
715 1399 901 1441 Ihesum
939 1406 1096 1453 negat,
1130 1405 1177 1442 et
1209 1401 1255 1441 in
1293 1414 1475 1444 crucem

211 1469 298 1509 sibi
350 1472 579 1509 ostensam
641 1466 767 1519 spuit
814 1466 861 1507 in
916 1466 1191 1520 vituperium
1248 1467 1474 1518 crucifixi,

212 1539 259 1575 et
312 1534 434 1587 quod
485 1532 694 1587 quaedam
734 1531 827 1573 alia
861 1531 1036 1574 faciunt
1071 1533 1297 1586 recipiens
1342 1534 1473 1576 ‘et'¹

211 1604 436 1653 receptus,
463 1611 568 1653 quae
598 1598 727 1639 licita
757 1610 848 1639 non
879 1603 988 1639 sunt
1015 1603 1061 1639 et
1091 1599 1280 1640 obviant
1311 1599 1474 1642 hones-

212 1666 313 1714 tati,
354 1670 491 1719 prout
531 1664 649 1706 alter
689 1676 846 1705 eorum
884 1668 994 1705 tunc
1032 1664 1283 1715 confessus,
1317 1667 1475 1709 extitit

212 1744 365 1773 coram
389 1731 546 1782 nobis;
584 1730 733 1772 vitare
757 1730 1062 1784 nequivimus,
1087 1735 1280 1783 urgente
1302 1744 1386 1773 nos
1416 1732 1475 1775 ad

210 1798 256 1839 id
272 1796 408 1840 officii
423 1797 568 1838 nostri
585 1796 806 1845 debitum,
820 1796 930 1849 quin
947 1801 1016 1838 tot
1038 1801 1084 1837 et
1100 1796 1244 1839 tantis
1260 1797 1475 1841 clamori·

211 1865 296 1906 bus
317 1862 764 1905 accommodaremus
789 1861 1009 1903 auditum.
1065 1862 1273 1916 Cumque
1296 1863 1476 1906 demum

212 1930 335 1971 sama
365 1929 549 1983 publica
579 1928 810 1970 deferente
846 1941 900 1969 ac
930 1928 1133 1970 clamosa
1165 1929 1477 1973 insinuatione

212 1995 322 2037 dicti
360 1995 498 2049 regis,
539 2008 717 2036 necnon
757 1999 803 2035 et
839 1994 1020 2044 ducum,
1057 1994 1271 2036 comitum
1312 2000 1358 2037 et
1394 1996 1476 2038 ba-

213 2075 374 2104 ronum
420 2067 467 2103 et
512 2061 707 2102 aliorum
752 2060 989 2109 nobilium,
1036 2060 1145 2102 cleri
1191 2073 1376 2114 quoque
1421 2075 1476 2104 ac

213 2127 372 2181 populi
403 2127 514 2168 dicti
545 2127 674 2179 regni
713 2125 921 2167 Franciae
955 2125 1013 2166 ad
1048 2131 1251 2167 nostram
1287 2133 1477 2181 propter

213 2193 314 2242 hoc,
344 2198 439 2234 tam
460 2206 542 2246 per
571 2205 621 2234 se
645 2204 784 2245 quam
815 2205 895 2245 per
926 2196 1247 2245 procuratores
1270 2198 1318 2234 et
1338 2197 1351 2216 ‘
1367 2195 1476 2236 sub-

213 2257 398 2307 ditos‚’2
438 2258 731 2312 praesentiam
761 2258 1054 2307 venientium,
1102 2258 1225 2311 quod
1270 2258 1479 2315 dolentes

214 2324 468 2375 referimus,
508 2324 566 2366 ad
607 2329 811 2365 nostram
853 2323 1133 2365 audientiam
1176 2325 1478 2377 pervenisset,

213 2391 335 2445 quod
370 2390 604 2444 magister,
637 2395 943 2444 praeceptores
978 2394 1023 2431 et
1054 2389 1132 2431 alii
1169 2389 1334 2432 fratres
1367 2391 1478 2434 dicti

214 2457 386 2499 ordinis
424 2461 470 2498 et
509 2457 607 2510 ipse
648 2456 758 2498 ordo
797 2455 1004 2510 praefatis
1040 2460 1087 2497 et
1123 2456 1332 2510 pluribus
1375 2458 1479 2500 aliis

215 2529 346 2565 erant
376 2523 641 2564 criminibus
677 2522 866 2563 irretiti:
919 2534 974 2563 ac
1009 2522 1248 2575 praemissa
1281 2524 1479 2577 probare

214 2603 296 2643 per
327 2589 496 2631 multas
530 2588 856 2638 consessiones,
892 2588 1212 2630 attestationes
1252 2593 1299 2630 et
1337 2589 1478 2644 depo-

214 2656 404 2698 sitiones
422 2654 602 2709 praefati
624 2655 831 2708 magistri
854 2659 899 2696 et
919 2654 1117 2709 plurium
1141 2660 1479 2710 praeceptorum

217 2805 225 2823 ¹
253 2804 419 2845 Supplied
438 2805 521 2837 from
545 2805 600 2836 the
618 2805 835 2845 winchelsey
851 2806 935 2846 Reg.
992 2804 1005 2822 ²
1027 2806 1037 2822 ‘
1048 2805 1229 2848 syndicos‚’
1244 2806 1375 2840 Winch.
1392 2807 1479 2849 Reg,
