2004 3272
336 442 456 468 Edwnrd
468 442 492 468 1.

335 476 369 500 A.
380 476 414 500 D.
430 477 503 500 1291.

315 1558 392 1582 June
405 1557 447 1581 24.

534 319 592 359 26
1019 321 1298 354 GHRONICON

534 431 899 486 percipiendam;
932 429 1134 470 scribens
1175 426 1404 481 episcopis
1444 423 1719 478 subscriptis
1748 424 1796 464 in

535 498 632 540 haec
653 497 793 538 verba
807 509 888 537 :—

614 562 884 604 “Nicolaus
923 559 1183 612 episcopus,
1222 568 1383 600 servus
1414 568 1652 599 servorum
1690 556 1795 605 Dei,

533 627 868 670 venerabilibus
876 625 1091 666 fratribus
1100 625 1160 666 W
1164 623 1423 678 yntoniensi
1430 627 1477 664 et
1486 622 1797 664 Lincolniensi

533 692 773 747 episcopis,
796 691 992 733 salutem
1015 694 1061 731 et
1084 689 1387 744 apostolicam
1414 688 1792 729 benedictionem.

535 759 644 800 Non
674 760 850 811 absque
878 756 1055 798 laetitiae
1086 756 1244 797 multae
1265 755 1475 804 materia,
1500 767 1592 795 non
1623 754 1796 806 absque

532 837 672 866 causa
695 823 884 877 grandis
903 822 1203 864 exultationis
1223 822 1270 862 in
1287 821 1506 870 Domino,
1526 821 1649 861 intra
1669 831 1795 859 men-

533 891 592 932 tis
610 894 787 932 secreta
800 888 1079 931 revolvimus
1096 893 1142 930 et
1155 888 1258 929 aliis
1274 887 1561 941 publicamus
1580 885 1701 939 quod
1718 884 1796 925 ille

534 956 641 997 Rex
671 956 719 997 in
751 955 883 1009 cujus
917 967 1055 995 manu
1085 967 1245 1007 regum
1268 953 1407 995 corda
1425 953 1697 1001 consistunt,
1719 964 1793 992 ca-

534 1022 701 1062 rissimi
729 1022 777 1062 in
800 1020 985 1062 Christo
1014 1020 1096 1060 filii
1119 1019 1281 1069 nostri,
1309 1019 1525 1060 Edwardi
1553 1018 1677 1070 regis
1699 1015 1798 1058 An-

534 1087 642 1140 gliae
672 1086 882 1136 illustris,
903 1086 1098 1138 benigne
1127 1098 1206 1126 cor
1235 1085 1404 1137 tetigit,
1428 1090 1475 1126 et
1504 1085 1571 1125 sic
1601 1083 1659 1124 ad
1688 1084 1796 1124 sub-

535 1153 807 1194 veniendum
835 1151 1139 1205 personaliter
1170 1151 1418 1192 innumeris
1448 1149 1797 1191 necessitatibus

534 1218 692 1259 Terrae
712 1218 897 1259 Sanctae
927 1217 1072 1270 ipsius
1103 1216 1313 1257 accendit
1344 1220 1357 1238 ‘
1373 1215 1620 1265 affectum,’
1645 1213 1796 1267 ¹quod

533 1283 738 1337 ejusdem
779 1288 914 1324 terrae
946 1282 1180 1334 negotium
1212 1282 1259 1322 in
1292 1282 1479 1334 propria
1519 1293 1718 1334 persona
1752 1285 1800 1321 et

532 1349 678 1401 regali
698 1348 904 1402 potentia
934 1346 1319 1400 prosequendum,
1341 1351 1562 1400 tanquam
1586 1347 1799 1400 princeps

533 1414 788 1455 catholicus
828 1418 1049 1466 tanquam
1085 1413 1299 1466 princeps
1340 1413 1683 1455 strenuissimus
1727 1425 1800 1454 as-

533 1481 744 1533 sumpsit,
782 1479 1180 1529 transfretaturus,
1218 1480 1320 1521 Deo
1351 1479 1555 1532 auspice,
1591 1479 1640 1520 in
1679 1479 1798 1520 festo

536 1546 809 1587 Nativitatis
845 1545 1003 1586 Sancti
1036 1544 1067 1586 J
1071 1545 1261 1586 ohannis
1290 1545 1517 1599 Baptistae
1553 1558 1675 1586 anno
1700 1545 1797 1586 Do-

534 1612 645 1652 mini
681 1623 934 1652 M.ccxcnl.
958 1611 1081 1664 quod
1118 1616 1213 1652 tam
1239 1612 1327 1652 sibi
1351 1625 1489 1665 quam
1505 1611 1621 1667 ‚aliis
1642 1624 1798 1653 cruce-

534 1678 729 1730 signatis
774 1683 820 1719 et
866 1677 1240 1730 crucesignandis
1285 1677 1343 1718 ad
1386 1677 1599 1730 generale
1638 1690 1800 1731 passa-

535 1744 676 1796 gium,
713 1743 769 1784 de
801 1743 992 1784 fratrum
1028 1748 1288 1784 nostrorum
1326 1744 1517 1785 consilio
1555 1743 1799 1785 terminum

535 1809 750 1850 duximus
771 1809 1113 1862 praefigendum.
1170 1810 1231 1851 Et
1259 1810 1368 1863 quia
1391 1810 1449 1851 ad
1474 1810 1799 1864 profectionem

536 1881 631 1917 tam
653 1876 844 1916 arduam
865 1876 1046 1917 onerosi
1068 1876 1241 1929 negotii
1261 1889 1353 1917 non
1378 1881 1448 1918 est
1470 1876 1659 1917 dubium
1689 1877 1799 1930 quin

535 1946 717 1994 oportet
755 1942 901 1983 multa
943 1942 1114 1995 requiri
1166 1947 1212 1983 et
1255 1954 1436 1995 magnae
1485 1943 1800 1984 subventionis

533 2007 752 2060 indigere,
784 2007 887 2049 ideo
908 2008 1129 2049 decimam
1159 2009 1360 2049 omnium
1384 2009 1799 2050 ecclesiasticorum

534 2074 808 2123 reddituum,
859 2079 1180 2128 proventuum,
1214 2078 1261 2116 et
1311 2075 1637 2117 obventionum
1689 2075 1800 2117 dicti

533 2140 662 2192 regni
694 2138 878 2192 Angliae
904 2140 1047 2194 juxta
1071 2153 1228 2182 veram
1259 2153 1416 2182 eorum
1452 2142 1800 2183 aestimationem

531 2205 724 2257 praefato
756 2206 870 2258 regi,
903 2205 961 2247 de
995 2207 1199 2260 ipsorum
1232 2206 1426 2248 fratrum
1463 2208 1671 2258 consilio,
1693 2221 1802 2249 con-

534 2271 753 2311 cessimus
781 2284 863 2323 per
886 2283 970 2312 sex
1002 2284 1146 2314 annos
1166 2286 1194 2314 a
1214 2273 1332 2314 festo
1358 2273 1635 2315 Nativitatis
1656 2274 1799 2315 Sanc-

533 2336 569 2377 ti
601 2336 631 2377 J
636 2335 829 2377 ohannis
853 2337 1077 2391 Baptistae
1120 2343 1338 2380 venturos
1387 2340 1597 2393 proxime
1639 2341 1800 2381 subse-

534 2402 739 2455 quenti,’'
781 2407 867 2444 etc.
931 2403 1078 2445 Facta
1125 2404 1212 2446 suit
1264 2405 1408 2457 igitur
1447 2406 1628 2446 taxatio
1678 2419 1801 2447 nova

534 2481 614 2520 per
645 2468 933 2522 supradictos
968 2470 1211 2524 episcopos
1235 2470 1501 2524 Wyntoniae
1538 2477 1583 2512 et
1616 2470 1797 2512 Lincol-

533 2534 619 2574 niae
670 2534 826 2576 eodem
884 2534 1040 2585 anno,‘⁴'
1095 2542 1140 2577 et
1187 2536 1296 2577 licet
1345 2537 1516 2577 eisdem
1571 2538 1799 2591 episcopis

533 2612 613 2651 per
635 2613 803 2653 papam
840 2605 962 2642 esset
993 2601 1248 2655 injunctum
1276 2603 1399 2656 quod
1432 2603 1590 2644 eadem
1621 2604 1800 2645 decima

582 2704 591 2722 ¹
615 2707 831 2745 ‘aspectum‚'
854 2708 929 2739 MS.
947 2708 1146 2740 Coll.A1·1n.
1183 2710 1338 2748 province
1370 2710 1408 2741 of
1433 2710 1643 2750 Canterbury
1673 2712 1707 2742 in
1743 2712 1798 2743 the

580 2751 592 2769 ²
615 2752 709 2791 Pope
732 2753 900 2785 Nicolas’s
922 2755 1065 2786 Taxatio
1082 2755 1148 2786 Ec·
1182 2765 1263 2794 year
1278 2758 1375 2796 1291,
1391 2757 1458 2788 and
1481 2757 1531 2788 for
1555 2757 1627 2789 that
1646 2758 1684 2789 of
1703 2759 1797 2789 York

533 2797 723 2828 clesiastica
741 2808 809 2829 was
826 2801 1015 2840 completed
1025 2801 1076 2833 for
1091 2801 1147 2832 the
1182 2802 1215 2832 in
1234 2804 1331 2835 1292.
