2038 3306
476 323 699 355 WAL'rERl
734 324 796 353 DE
828 325 1207 357 HEMlNcssURcu.
1380 316 1465 357 159

198 427 462 478 debeamus,
498 428 651 469 indica
684 428 862 470 nobis.'’
924 429 1170 471 Exercitus
1203 429 1323 470 enim
1345 429 1469 482 regis
1506 441 1670 500 fdffsszffi

201 493 409 535 Franciae
432 507 522 535 non
548 494 753 536 distabat
777 495 835 535 ab
860 496 926 536 eis
949 496 1034 536 nisi
1066 509 1147 549 per
1171 494 1287 536 duas
1312 495 1469 536 leucas
1535 493 1540 499 '
1580 493 1587 499 ”
1671 492 1678 500 ‘

198 559 416 601 modicas.
488 560 667 601 Videns
686 566 840 602 autem
866 574 1018 602 comes
1039 562 1190 615 ipsum
1212 561 1471 614 respective

199 625 374 667 viribus
394 626 634 680 imparem,
654 639 708 668 eo
729 626 852 680 quod
878 628 1111 669 exercitus
1134 627 1344 668 Franciae
1368 639 1472 680 per-

200 691 387 744 grandis
410 692 561 733 fuerat
584 697 630 734 et
652 693 918 743 immensus,
942 693 1010 734 ait
1038 692 1122 742 illi,
1146 696 1176 715 “
1194 692 1389 735 Domine
1411 692 1473 733 mi

200 769 301 807 rex,
326 770 418 799 non
442 771 687 812 possumus
717 758 764 798 in
797 759 1016 811 praesenti
1051 771 1111 799 ex
1145 759 1342 812 abrupto
1365 772 1472 812 pro-

203 822 380 874 cedere,
425 837 480 865 eo
522 824 644 877 quod
685 825 798 865 estis
842 823 999 865 labore
1040 824 1254 878 fatigati3
1289 824 1370 866 sed
1402 830 1474 866 est

202 888 312 929 mihi
334 889 498 931 civitas
520 889 651 930 fortis
672 893 719 930 et
738 890 855 930 bene
875 889 1067 939 munita,
1089 889 1264 931 scilicet
1285 889 1473 940 Gawnt,

202 954 260 995 ad
308 967 447 1008 quam
506 954 838 996 declinabimus
888 955 947 996 ad
991 960 1189 1008 tempus,
1232 968 1473 1010 quousque

202 1020 342 1060 robur
361 1025 567 1062 vestrum
605 1024 654 1062 et
685 1020 922 1073 negotium
955 1020 1118 1062 melius
1148 1034 1233 1074 pro
1265 1026 1375 1063 voto
1399 1034 1473 1063 or-

203 1085 434 1127 dinetur.'’
522 1086 584 1128 Et
617 1085 853 1140 adquievit
887 1087 928 1127 ei
964 1100 1062 1137 rex,
1092 1092 1139 1128 et
1171 1088 1391 1140 praecepit
1421 1093 1475 1130 ut

205 1152 357 1192 exitus
393 1151 572 1193 viarum
617 1157 664 1194 et
711 1152 947 1194 introitum
1000 1158 1136 1194 terrae
1175 1154 1475 1195 observarent

205 1218 460 1270 pedestres,
485 1231 538 1260 eo
560 1218 682 1272 quod
712 1218 776 1259 ibi
810 1223 920 1260 sunt
950 1218 1126 1260 fossata
1147 1219 1310 1269 multa,
1331 1220 1475 1262 donec

205 1284 294 1324 iter
325 1284 559 1337 inceptum
592 1289 752 1337 ageret
783 1285 841 1326 ad
873 1284 1065 1326 eandem
1095 1285 1343 1327 civitatem.
1414 1286 1475 1328 Et

207 1349 319 1402 quia
369 1351 493 1392 cives
535 1350 816 1403 Burgenses‚
860 1351 982 1392 sicut
1024 1357 1072 1393 et
1113 1351 1238 1392 cives
1281 1352 1474 1393 aliarum

209 1415 464 1466 civitatum,
489 1416 665 1457 scilicet
686 1417 882 1471 Doway,
909 1416 1034 1470 Ipre,
1057 1416 1230 1459 Gawnt
1249 1422 1295 1458 et
1316 1418 1475 1460 Sancti

210 1480 445 1531 Odomari,
476 1482 616 1535 paulo
638 1487 746 1524 ante
778 1495 829 1523 se
863 1482 1085 1524 dederant
1117 1483 1216 1536 regi
1249 1483 1475 1535 Franciae,

208 1559 311 1588 cum
354 1547 637 1589 defensorem
676 1561 768 1589 non
815 1547 1039 1589 haberent
1082 1562 1230 1602 neque
1272 1563 1476 1604 propug-

207 1617 431 1663 natorem,
444 1613 588 1668 jussit
607 1626 689 1655 rex
712 1626 769 1655 ne
799 1613 915 1655 alias
947 1614 1067 1656 forte
1098 1619 1402 1666 mutarentur,
1423 1622 1476 1658 ut

209 1683 256 1719 et
295 1678 564 1721 fidelitatem
607 1679 695 1721 sibi
726 1679 940 1734 jurarent
981 1684 1028 1721 et
1071 1680 1254 1722 obsides
1297 1681 1476 1723 darent.

211 1743 317 1795 Quo
351 1744 492 1795 facto,
527 1746 753 1799 processit
787 1746 834 1787 in
871 1746 946 1787 via
979 1758 1065 1787 sua
1095 1759 1255 1788 versus
1289 1746 1477 1799 Gawnt,

213 1811 562 1864 respicientibus
591 1810 638 1852 in
661 1824 764 1853 eum
790 1811 998 1863 Francis,
1019 1812 1099 1853 sed
1121 1826 1212 1853 non
1235 1813 1478 1866 prohibere

211 1876 499 1930 valentibus3
539 1878 764 1919 timebant
795 1878 913 1920 enim
947 1878 1185 1932 pedestres
1222 1879 1346 1932 regis
1377 1878 1475 1921 An-

210 1942 334 1995 gliae,
356 1957 410 1985 eo
432 1944 554 1997 quod
583 1949 717 1986 erant
747 1957 807 1986 ex
837 1944 903 1986 eis
934 1945 1166 1997 sagittarii
1187 1945 1347 1998 multi;
1383 1959 1477 1987 mo-

213 2014 470 2064 veruntque
536 2015 692 2051 castra
744 2023 830 2052 sua
875 2023 1022 2064 usque
1079 2010 1320 2065 Curteray,
1369 2024 1474 2065 quae

210 2074 352 2117 distat
375 2089 404 2117 a
426 2075 598 2118 Gawnt
620 2089 701 2129 per
730 2081 837 2118 octo
866 2076 1038 2118 leucas.
1110 2076 1288 2118 Mansit
1317 2078 1474 2131 itaque
1490 2087 1642 2144 gudhssakes

210 2153 294 2182 rex
332 2146 488 2183 noster
525 2142 647 2196 apud
686 2141 859 2183 Gawnt
893 2155 976 2195 per
1013 2142 1109 2183 dies
1146 2142 1386 2195 plurimos,
1428 2149 1475 2186 et
1490 2127 1659 2212 (ἐξιξέηεε

211 2206 446 2259 pedestres
489 2208 562 2249 sui
599 2207 864 2261 frequenter
907 2208 1109 2260 agebant
1144 2208 1324 2262 praedas
1373 2209 1475 2263 plu·
1589 2204 1596 2211 ’

210 2272 365 2322 rimas,
400 2273 520 2314 inter
552 2286 668 2327 quas
702 2273 860 2314 villam
897 2274 952 2315 de
989 2273 1170 2327 Dampe
1205 2274 1271 2316 sic
1304 2275 1475 2317 dictam
1491 2285 1639 2343 'ghetown
1653 2284 1690 2310 os

210 2338 527 2391 spoliaverunt
569 2339 700 2380 bonis
734 2339 906 2389 multis,
944 2344 991 2381 et
1021 2346 1312 2392 peremerunt
1340 2341 1390 2382 in
1420 2355 1476 2383 ea
1492 2325 1623 2384 ρίῗιῗεῗεῗ·

210 2404 456 2459 plusquam
486 2405 708 2447 ducentos
741 2405 865 2447 viros
908 2405 1094 2456 electos,
1128 2407 1208 2459 qui
1245 2418 1294 2448 se
1329 2408 1476 2461 primo

209 2470 432 2512 dederant
474 2471 572 2524 regi
619 2476 779 2513 nostro
822 2471 868 2512 in
912 2471 1060 2525 primo
1108 2472 1313 2514 adventu
1362 2486 1473 2516 suo:

210 2537 333 2590 quod
374 2536 559 2590 quidem
602 2537 776 2579 factum
822 2537 1016 2578 multum
1056 2537 1293 2592 displicuit
1331 2540 1389 2590 ei,
1429 2545 1476 2582 et

209 2602 432 2655 quosdam
455 2603 595 2659 hujus
626 2603 812 2646 sceleris
849 2609 1062 2646 auctores
1085 2603 1231 2658 jussit
1261 2605 1309 2646 in
1347 2605 1476 2647 furca

207 2669 439 2723 suspendi.
