1992 3202
324 401 443 426 Edward
458 401 482 426 1.

317 435 351 460 A.
365 435 400 459 D.
418 435 491 459 1297.

306 489 370 514 War
382 490 411 514 in

305 523 443 554 Gaocouy.

305 1198 366 1223 Tne
379 1185 493 1223 sene-1*l

304 1231 393 1261 schal,
404 1230 481 1256 John

305 1265 339 1289 de
352 1265 393 1289 St.
405 1264 491 1294 John,

305 1298 392 1322 taken

304 1331 441 1362 prisoner.

519 276 579 318 76
1010 284 1291 315 οΗΒοΝιυοΝ

520 389 836 442 insequuntur.
908 386 1099 428 Interim
1133 387 1414 429 transierunt
1444 387 1590 429 nostri
1623 387 1701 441 qui
1739 387 1786 428 in

521 456 684 496 ultima
706 453 919 495 custodia
945 457 1095 503 erant,
1125 457 1172 494 et
1202 454 1441 495 obviantes
1464 460 1641 508 quartae
1673 453 1787 494 aciei

520 521 665 574 ipsius
689 520 870 561 comitis
893 519 1041 572 ipsam
1065 518 1114 559 in
1138 518 1340 561 velocem
1362 519 1519 572 fugam
1548 519 1679 573 quasi
1702 531 1786 572 pro

520 586 662 628 nihilo
680 590 1020 634 converterunt,
1036 588 1082 625 et
1094 583 1219 626 facta
1234 589 1304 626 est
1317 585 1512 627 obscura
1527 589 1540 607 ‘
1555 584 1696 634 nOX,’¹
1720 586 1787 626 ita

519 652 643 706 quod
673 651 827 693 nullus
862 655 1216 704 cognosceretur
1242 651 1301 692 ab
1334 650 1479 692 altero
1509 651 1596 692 nisi
1626 651 1785 703 lingua

519 722 728 760 materna
749 718 1026 771 loqueretur.
1087 716 1391 770 Dispersique
1418 721 1527 758 sunt
1554 717 1715 766 nostri,
1739 721 1786 758 et

520 785 658 826 etiam
690 783 873 834 Franci,
903 782 1157 825 nescientes
1187 783 1302 824 bene
1323 795 1416 836 qua
1435 787 1567 836 parte
1587 782 1784 823 diverte-

520 855 622 892 rent
657 862 896 904 quousque
928 849 1039 890 luna
1073 848 1246 890 luceret
1288 861 1428 902 super
1464 861 1570 900 eos3
1602 848 1785 890 lucente

519 916 705 958 tandem
737 916 846 957 luna
875 915 1220 956 declinaverunt
1252 914 1420 956 Franci
1443 915 1500 956 ad
1524 915 1660 956 urbes
1681 913 1783 954 fini-

518 982 672 1033 timas,
705 988 753 1024 et
781 982 966 1036 quidam
989 993 1048 1022 ex
1082 981 1251 1022 nostris
1285 981 1473 1022 ‘inserti
1501 993 1602 1022 cum
1638 981 1783 1021 Fran-

519 1048 616 1098 cis,’
633 1047 650 1070 ²
680 1048 760 1102 qui
780 1061 884 1089 cum
908 1060 967 1088 ex
987 1047 1090 1100 ipsa
1119 1046 1222 1087 luce
1242 1047 1317 1088 vel
1336 1046 1497 1099 lingua
1517 1046 1783 1088 manifesta-

519 1119 678 1156 rentur
707 1114 909 1168 propria,
942 1113 1065 1166 capti
1100 1119 1209 1154 sunt
1243 1117 1290 1154 et
1324 1112 1550 1154 violenter
1579 1112 1781 1154 abducti.

521 1179 650 1221 Inter
670 1193 786 1234 quos
807 1179 1018 1220 dominus
1044 1178 1075 1220 J
1079 1178 1283 1219 ohannes
1303 1179 1359 1219 de
1381 1177 1552 1219 Sancto
1572 1177 1602 1220 J
1606 1177 1785 1219 ohanne

518 1248 682 1299 captus
697 1250 783 1295 est,
799 1250 845 1287 et
861 1245 1047 1298 quidam
1062 1244 1141 1285 alii
1156 1257 1168 1295 ;
1194 1244 1330 1298 pauci
1346 1249 1499 1285 tamen
1512 1248 1781 1286 corruerunt

518 1311 688 1365 gladio,
724 1311 833 1365 quia
864 1310 1197 1364 advesperante
1219 1310 1293 1351 die
1316 1309 1441 1352 facta
1459 1315 1567 1352 sunt
1598 1309 1711 1360 haec,
1737 1314 1785 1351 et

519 1381 821 1432 cooperuerat
854 1389 932 1418 eos
967 1377 1101 1430 quasi
1137 1376 1291 1418 subita
1333 1376 1500 1429 caligo,
1532 1389 1615 1418 nec
1654 1380 1785 1417 erant

518 1444 752 1498 pedestres
784 1443 891 1485 hinc
928 1443 1002 1485 vel
1039 1442 1144 1484 inde
1186 1442 1265 1496 qui
1305 1441 1537 1496 projectos
1579 1447 1784 1484 armatos

518 1510 772 1564 spoliarent
811 1509 886 1551 vel
927 1509 1254 1550 interimerent.
1336 1508 1498 1550 Nostri
1541 1509 1661 1550 enim
1701 1522 1782 1562 pe·

520 1575 697 1617 destres
733 1579 1051 1617 remanserunt
1087 1574 1135 1614 in
1172 1587 1371 1624 nemore,
1397 1587 1480 1615 nec
1514 1575 1621 1615 boni
1655 1575 1782 1628 quic-

468 1679 471 1683 ,
521 1654 658 1694 quam
696 1642 851 1683 exorsi
890 1646 1013 1682 sunt.
1075 1639 1150 1680 Ex
1190 1640 1378 1682 armatis
1420 1631 1575 1682 autem
1614 1640 1784 1682 nostris

520 1707 714 1749 trecenti
753 1707 839 1749 viri
878 1710 1199 1761 processerunt
1238 1711 1250 1729 ‘
1270 1705 1468 1760 usque’³
1511 1706 1782 1760 Belegarde‚

519 1774 599 1815 sed
634 1778 788 1815 tamen
816 1786 845 1814 a
872 1773 1064 1822 civibus,
1090 1772 1167 1825 qui
1186 1772 1284 1826 jam
1318 1772 1405 1814 hoc
1439 1771 1612 1814 factum
1648 1772 1780 1814 audi-

520 1844 666 1889 erant,
697 1838 885 1881 admissi
914 1851 1006 1880 non
1036 1843 1161 1888 sunt,
1184 1839 1280 1888 sed,
1308 1839 1478 1880 clausis
1500 1838 1673 1892 januis,
1698 1839 1782 1879 im-

519 1906 830 1959 properabant
852 1905 918 1947 eis
942 1904 1064 1958 quod
1095 1917 1204 1946 suos
1229 1905 1466 1946 consocios
1500 1910 1547 1946 et
1568 1905 1781 1946 comitem

518 1975 753 2012 strenuum
795 1976 889 2013 tam
922 1969 1179 2013 vecorditer
1208 1971 1507 2024 reliquerunt,
1546 1983 1781 2024 processe-

519 2041 718 2091 runtque
748 2036 905 2078 eadem
936 2041 1070 2078 nocte
1100 2036 1159 2078 ad
1189 2036 1409 2079 Sanctum
1441 2036 1671 2090 Cynerum
1701 2049 1784 2090 per

520 2108 720 2156 quatuor
738 2103 910 2153 leucas,
933 2108 980 2143 et
1001 2102 1064 2143 ibi
1087 2103 1259 2157 recepti
1282 2107 1407 2144 sunt.
1477 2102 1786 2156 Susceperunt

521 2174 675 2210 tamen
713 2168 828 2211 alios
871 2169 918 2209 in
961 2168 1188 2222 profundo
1236 2169 1385 2210 noctis
1426 2169 1678 2219 venientes,
1722 2174 1785 2219 et,

521 2247 678 2276 eorum
713 2235 904 2276 consilio
933 2234 1053 2284 freti,
1077 2235 1251 2287 egressi
1282 2239 1389 2276 sunt
1418 2235 1467 2276 in
1498 2247 1664 2276 aurora
1694 2234 1785 2276 diei

521 2301 579 2342 ad
623 2301 774 2342 locum
814 2313 1000 2355 pugnae,
1044 2301 1315 2354 colligentes
1355 2301 1504 2354 spolia
1542 2301 1703 2351 multa,
1736 2306 1784 2343 et

521 2366 795 2408 frumentum
814 2366 937 2420 quod
957 2370 1255 2420 portaverant
1271 2371 1579 2420 asportantes.
1618 2366 1783 2408 Comes

522 2437 675 2474 autem
718 2437 875 2474 noster
925 2445 1027 2474 cum
1070 2432 1227 2474 multis
1266 2433 1367 2473 aliis
1415 2445 1585 2485 magno
1635 2433 1783 2473 noctis

521 2499 672 2552 spatio
705 2511 898 2552 vagans,
923 2511 1025 2539 cum
1051 2498 1150 2552 jam
1178 2499 1374 2539 nesciret
1400 2511 1492 2551 quo
1522 2498 1784 2549 diverteret,

521 2577 603 2617 per
629 2565 820 2606 eandem
848 2565 968 2605 viam
1002 2577 1213 2606 reversus
1233 2569 1304 2605 est
1327 2577 1419 2618 qua
1443 2568 1490 2605 et
1513 2568 1717 2614 venerat,
1739 2569 1786 2606 et

565 2687 578 2751 ζ
599 2686 1032 2752 “3¹¹012'M.S·C⁰¹¹·A‘¹¹²·.
1081 2734 1087 2741 .
1123 2733 1133 2748 ,
1210 2709 1224 2729 ³
1245 2709 1396 2741 Omitted
1412 2710 1445 2740 in
1464 2709 1565 2742 mss.
1581 2709 1669 2742 0011.
1685 2710 1781 2742 Arm.

622 2736 786 2767 mterfectl
807 2739 902 2768 erant
924 2745 1001 2767 cum
1023 2744 1120 2774 ipsis,
1164 2757 1232 2788 and
1247 2756 1336 2789 Com
1351 2756 1429 2789 Tib·

518 2781 594 2813 MS.
609 2781 735 2814 Lansd.
