2038 3306
533 336 622 378 214
1021 346 1082 376 cn
1091 345 1299 377 1101110οΝ

340 461 512 521 Ξᾱὸιτιιέἇό.
535 450 676 492 sionis
718 448 1000 500 Dominicae3
1039 449 1254 502 factoque
1296 449 1422 490 brevi
1467 462 1674 491 sermone
1712 462 1792 503 per

325 551 490 577 Diuension

325 584 512 649 ffissggnafflf
537 587 618 624 tua
669 580 919 623 custodivit
969 580 1178 634 spiritum
1228 580 1425 630 meum,'’
1448 579 1461 602 ¹
1506 587 1791 623 recesserunt

328 650 406 676 Prior
419 650 449 676 ol

327 684 465 709 Dur-ham.

535 516 729 558 eundem
751 515 1034 569 episcopum,
1055 514 1187 568 cujus
1207 520 1308 556 erat
1330 515 1499 565 thema,
1521 519 1550 538 “
1567 515 1787 557 Visitatio

530 648 649 703 jussi
679 647 865 701 quidam
898 646 1143 696 seculares,
1167 645 1247 687 sed
1271 651 1585 688 remanserunt
1607 659 1711 688 011111
1734 661 1789 689 eo

536 713 873 767 quamplurimi.
942 712 1163 754 Habebat
1194 711 1312 752 enim
1343 724 1496 752 secum
1524 712 1789 765 episcopum

537 780 567 821 J
573 779 787 829 ubileum,
808 779 887 832 qui
915 779 973 820 ab
1005 778 1106 832 ejus
1137 777 1401 831 episcopatu
1429 790 1511 831 per
1539 777 1792 819 Saracenos

537 845 760 899 expulsus
780 844 1046 887 morabatur
1065 857 1167 885 cum
1186 856 1240 885 eo
1268 856 1370 885 cum
1395 843 1667 897 equitaturis
1691 856 1791 894 sex,

537 924 693 952 curam
739 910 1079 964 spiritualitatis
1120 910 1167 951 in
1208 914 1339 963 parte
1378 922 1535 963 agens,
1571 923 1626 951 00
1666 910 1789 964 quod

537 977 747 1019 dominus
784 976 1026 1030 episcopus
1066 988 1157 1017 non
1202 975 1454 1017 celebraret
1487 975 1669 1018 ordines
1703 976 1791 1016 nisi

538 1043 655 1085 forte
685 1043 930 1094 loricatus;
977 1046 1291 1083 remanserunt
1322 1041 1460 1083 etiam
1491 1055 1594 1083 cum
1623 1055 1678 1083 eo
1707 1042 1792 1082 mi-

536 1108 641 1150 lites
694 1113 741 1150 et
779 1108 931 1150 clerici
973 1107 1215 1149 numerosi.
1293 1107 1430 1158 Quod
1482 1108 1641 1149 videns
1694 1108 1792 1161 ipse

537 1175 677 1227 prior,
699 1174 763 1215 ait
781 1174 995 1227 episcopo
1014 1187 1024 1214 :
1057 1176 1086 1195 “
1103 1173 1211 1214 Non
1230 1173 1460 1226 displiciat
1480 1173 1626 1223 vobis,
1644 1178 1790 1227 pater,

539 1241 647 1293 quia
681 1252 784 1280 cum
813 1239 1034 1280 instantia
1067 1243 1230 1291 rogant
1265 1238 1431 1279 fratres
1465 1251 1638 1289 omnes,
1669 1239 1792 1293 quod

538 1318 663 1346 more
696 1304 1084 1358 praedecessorum
1108 1310 1365 1345 vestrorum
1396 1304 1687 1358 antiquorum
1708 1318 1790 1358 pa-

539 1376 661 1412 trum
701 1370 1014 1424 episcoporum
1062 1370 1441 1413 Dunolmensium
1481 1371 1794 1424 procedentes,

539 1436 720 1489 placeat
762 1437 890 1477 vobis
943 1436 1122 1489 aliquos
1174 1449 1232 1477 ex
1291 1436 1526 1486 fratribus,
1571 1442 1791 1491 tanquam

539 1502 762 1556 speciales
797 1502 1045 1552 ministros,
1078 1502 1318 1543 admittere
1361 1502 1418 1543 ad
1455 1502 1649 1544 officium
1685 1503 1794 1545 visi-

539 1568 728 1609 tationis
773 1572 939 1610 vestrae
984 1567 1305 1609 exercendum.
1378 1568 1486 1609 Non
1527 1570 1647 1610 enim
1691 1582 1795 1610 con—

543 1634 674 1675 decet
725 1646 809 1675 nec
856 1634 1059 1687 expedit,
1102 1634 1193 1675 imo
1232 1634 1369 1675 etiam
1419 1634 1795 1689 praejudicaretur

545 1700 674 1757 npbis
690 1704 736 1740 et
757 1699 1008 1752 privilegiis
1025 1700 1207 1747 nostris,
1230 1700 1269 1739 si
1290 1703 1302 1721 ‘
1317 1699 1431 1741 tot’2
1449 1695 1600 1741 clerici
1621 1707 1669 1742 et
1688 1701 1793 1742 laici

544 1770 829 1806 remanentes
850 1770 1003 1806 essent
1018 1770 1296 1806 scrutatores
1319 1766 1649 1818 singulorum.''
1709 1766 1796 1808 Cui

544 1831 816 1884 episcopus:
850 1835 880 1853 “
897 1830 1029 1880 Sede,
1060 1831 1198 1884 prior,
1239 1836 1285 1872 et
1316 1844 1398 1884 pro
1435 1838 1559 1873 certo
1593 1832 1798 1886 intellige

544 1896 665 1950 quod
701 1910 857 1937 omnes
891 1897 1005 1937 istos
1041 1897 1119 1949 qui
1156 1897 1213 1937 de
1250 1897 1440 1938 consilio
1481 1903 1638 1939 nostro
1675 1904 1798 1948 sunt,

545 1963 781 2003 nobiscum
803 1962 969 2003 habere
993 1962 1204 2003 volumus
1220 1963 1267 2003 in
1291 1964 1550 2016 praesenti.''
1600 1962 1796 2005 Addux-

545 2032 643 2068 erat
667 2028 785 2068 enim
816 2041 969 2069 secum
993 2028 1263 2081 magistrum
1285 2028 1315 2070 J
1320 2029 1543 2070 ohannem
1566 2030 1622 2070 de
1648 2030 1799 2080 Lasci,

546 2097 592 2134 et
623 2093 893 2146 magistrum
925 2093 1233 2146 Reginaldum
1257 2095 1313 2135 de
1349 2095 1570 2136 Brandun
1599 2095 1799 2137 famosos

545 2159 811 2209 advocatos,
842 2165 888 2201 et
923 2159 1145 2213 quosdam
1183 2160 1298 2201 alios
1333 2162 1608 2212 nominatos,
1636 2162 1797 2203 volens

545 2229 590 2265 et
619 2225 863 2279 disponens
886 2226 1113 2267 mirabilia
1136 2225 1310 2274 facere3
1343 2232 1530 2281 propter
1554 2227 1673 2281 quod
1699 2241 1795 2270 1110-

545 2291 694 2340 nachi,
739 2292 985 2333 sentientes
1028 2305 1077 2333 30
1116 2292 1182 2333 sic
1222 2293 1270 2333 in
1319 2293 1577 2346 primordiis
1626 2294 1796 2348 injuste

544 2358 841 2410 praegravari,
884 2358 1005 2399 lecto
1054 2359 1386 2411 procuratorio,
1431 2360 1585 2401 statim
1641 2360 1798 2413 appel-

544 2422 698 2464 larunt
718 2424 775 2464 ad
809 2425 977 2465 curiam
1012 2423 1230 2473 Eborum,
1253 2430 1298 2465 et
1323 2425 1380 2465 ad
1414 2426 1652 2466 tuitionem
1676 2426 1797 2467 sedis

545 2488 762 2542 ejusdem,
799 2494 844 2531 et
887 2490 932 2530 in
979 2490 1341 2543 supplementum
1384 2490 1581 2544 justitiae
1624 2492 1796 2532 curiam

546 2554 830 2603 Romanam;
865 2561 911 2596 et
928 2556 994 2596 sic
1013 2556 1319 2609 appellatione
1339 2556 1499 2597 muniti
1516 2562 1801 2598 recesserunt

545 2633 729 2663 omnes:
762 2622 1070 2675 remansitque
1083 2621 1208 2663 solus
1225 2622 1467 2675 episcopus
1486 2635 1587 2663 cum
1610 2623 1800 2664 consilio

595 2745 602 2763 ¹
626 2747 707 2788 Job,
722 2758 756 2780 x.
776 2751 828 2780 12.
1190 2748 1253 2779 tis’
1268 2748 1324 2780 the
1348 2749 1479 2788 portion
1509 2749 1548 2780 of
1572 2749 1627 2780 the
1652 2750 1743 2790 reign
1769 2750 1808 2781 of

1192 2795 1340 2826 Edward
1368 2795 1398 2828 Ι.
1424 2796 1457 2826 in
1484 2795 1559 2828 MS.
1582 2796 1670 2827 Cott.
1695 2797 1800 2836 Vesp.

590 2835 603 2853 ²
627 2839 716 2870 With
741 2839 796 2871 the
821 2841 932 2872 words
952 2842 1019 2872 ‘tot
1034 2841 1153 2872 habea·
1189 2842 1392 2874 terminatas.

2023 469 2038 692 ,Δι’-Α*ῌ1ψ1-
2032 402 2038 456 ..s—⁴
2036 378 2038 380 .
