2038 3306
461 280 689 312 WALTERI
723 280 783 309 DE
816 280 1188 311 Hssmmcssuncn.
1365 268 1452 311 223

193 386 445 435 consocios,
466 389 513 426 et
527 384 789 438 conglobati
806 398 898 426 non
917 386 1142 427 timerent.
1196 384 1286 426 Sed
1303 383 1451 425 noluit

193 465 290 494 suae
329 451 591 493 strenuitati
623 455 775 492 notam
810 452 1003 505 impingi
1033 457 1085 494 ut
1119 450 1448 498 retrocederet;

193 519 285 560 imo
309 523 514 560 armatus
546 518 770 571 processit
791 519 855 559 eis
879 518 1076 568 obviam,
1099 517 1452 570 cecideruntque

194 584 327 626 multi
351 584 455 626 hinc
478 589 524 626 et
546 584 667 634 inde,
689 588 735 626 et
755 584 853 638 ipse
877 584 1077 626 letaliter
1098 584 1362 626 vulneratus
1382 587 1452 624 est

193 656 241 693 et
282 656 461 705 captus.
545 650 772 704 Captique
814 655 922 692 sunt
965 663 1067 692 cum
1114 663 1168 692 eo
1207 649 1451 704 plusquam

195 717 358 771 viginti
387 717 555 758 milites
588 716 749 768 electi3
788 717 869 758 sed
898 716 1322 770 supervenientibus
1353 715 1453 769 qui-

193 784 385 825 busdam
409 796 467 825 ex
499 783 668 824 nostris
698 782 755 824 de
784 782 985 824 secunda
1014 787 1181 832 turma,
1203 786 1452 835 rapuerunt

194 863 298 891 eum
328 862 357 891 a
386 849 655 890 custodibus
687 848 783 889 suis
816 853 863 890 et
898 848 1204 890 abduxerunt.
1266 847 1452 889 Corruit

194 916 332 957 etiam
356 915 420 956 ibi
451 914 660 956 dominus
685 913 960 968 Radulphus
986 913 1029 955 le
1051 913 1268 963 Coffiere,
1289 913 1368 966 qui
1390 925 1450 954 ex

192 986 324 1036 parte
367 981 490 1034 regis
523 980 751 1034 stipendia
789 979 1094 1021 ministrabat.
1179 979 1242 1021 Et
1282 979 1452 1020 reversi

191 1052 301 1090 sunt
341 1047 419 1089 alii
457 1047 504 1088 in
545 1045 779 1100 Angliam,
820 1046 1072 1088 deferentes
1105 1045 1294 1088 sinistra
1331 1058 1453 1087 nova

191 1115 304 1168 regi.

262 1180 560 1229 Miraculose,
581 1183 632 1220 ut
654 1178 870 1228 creditur,
893 1177 1055 1220 eadem'
1077 1178 1322 1220 Dominica
1344 1190 1453 1219 con-

194 1247 316 1300 tigit,
337 1246 457 1300 quod
482 1246 693 1287 dominus
716 1244 950 1286 Robertus
973 1245 1029 1286 de
1054 1244 1209 1299 Nevyl
1231 1257 1334 1286 cum
1355 1244 1450 1285 suis

194 1314 379 1354 missam
419 1311 636 1353 audiebat
676 1324 855 1352 summo
901 1324 1049 1361 mane,
1095 1310 1300 1352 nesciens
1343 1310 1452 1364 quid

194 1379 373 1420 interim
397 1382 636 1431 ageretur;
669 1390 761 1431 qua
791 1382 992 1431 peracta,
1016 1377 1253 1419 festinavit
1274 1381 1327 1418 ut
1350 1389 1452 1418 cum

194 1445 414 1498 praedicto
456 1444 639 1485 domino
681 1443 711 1485 J
716 1443 895 1485 ohanne
935 1444 1177 1497 capitaneo
1221 1443 1454 1484 exercitus

194 1511 471 1565 loqueretur,
496 1509 790 1563 obviavitque
811 1509 1107 1562 fugientibus,
1129 1514 1176 1551 et
1201 1522 1283 1562 per
1302 1509 1453 1562 ipsum

193 1581 240 1618 et
273 1589 382 1617 suos
418 1576 598 1616 liberati
635 1580 744 1616 sunt
781 1575 953 1628 captivi
990 1574 1137 1624 multi,
1169 1579 1216 1615 et
1242 1574 1370 1616 Scoti
1405 1575 1452 1614 in

193 1655 361 1696 magna
384 1647 514 1696 parte
534 1641 820 1694 retrogressi,
842 1654 925 1683 nec
954 1640 1127 1682 corruit
1153 1652 1272 1681 unus
1305 1652 1366 1680 ex
1386 1640 1452 1681 eis

189 1709 268 1762 qui
315 1709 466 1749 missae
506 1707 774 1756 intererant,
815 1720 899 1749 nec
939 1707 1108 1761 aliquis
1151 1710 1315 1760 captus
1368 1718 1452 1747 seu

192 1775 474 1818 vulneratus.

416 1923 481 1964 De
500 1922 728 1965 Eoeactione
747 1922 942 1965 Peomziae
956 1935 1038 1978 per
1059 1922 1220 1978 Reqem.

1488 392 1607 418 Edward
1619 392 1645 418 1.

1485 426 1520 451 A.
1531 426 1566 451 D.
1581 426 1657 451 1303.

248 2040 419 2081 Eodem
432 2052 552 2081 anno
567 2039 614 2080 in
627 2040 805 2081 octavis
815 2039 975 2080 Sancti
983 2039 1014 2080 J
1017 2038 1212 2080 ohannis
1223 2038 1449 2091 Baptistae
1467 2048 1502 2074 A.
1515 2049 1549 2075 Ι).
1566 2050 1638 2074 1³02.

1469 2093 1640 2118 Parliament

193 2107 340 2148 tenuit
380 2119 464 2147 rex
507 2105 856 2159 parliamentum
910 2117 1044 2145 suum
1089 2104 1358 2154 Londoniis‚
1403 2108 1449 2146 et
1466 2126 1630 2157 ammaon,

192 2172 348 2224 exegit
375 2184 402 2213 a
428 2171 550 2213 clero
578 2176 625 2212 et
651 2171 822 2225 populo
850 2169 1284 2224 quintumdecimum
1312 2170 1448 2212 dena-

191 2239 307 2279 rium
351 2237 406 2279 de
451 2238 546 2278 suis
595 2237 949 2291 temporalibus;
1009 2236 1268 2289 scutagium
1309 2237 1448 2278 etiam

191 2304 348 2358 exegit
376 2303 534 2345 eodem
570 2315 690 2345 anno
714 2303 761 2344 in
785 2302 1168 2356 Quadragesima,
1200 2307 1246 2357 et
1268 2303 1448 2344 caeteris

191 2370 412 2412 militibus
458 2370 684 2411 concessit
725 2374 777 2411 ut
815 2382 844 2410 a
887 2369 982 2410 suis
1024 2369 1288 2410 tenentibus
1335 2369 1448 2410 illud

190 2436 405 2479 facerent.

257 2503 431 2545 Eodem
462 2515 582 2544 anno
618 2514 769 2543 comes
791 2500 1084 2542 marescallus
1108 2499 1340 2554 Rogerus,
1371 2500 1450 2555 qui

189 2569 336 2611 multa
378 2569 656 2611 exhauserat
683 2573 887 2621 tempore
926 2580 1018 2620 quo
1058 2566 1246 2608 fovebat
1270 2571 1448 2620 partem

190 2640 351 2677 contra
363 2648 529 2689 regem,
542 2634 791 2689 requisitus
805 2638 905 2675 erat
920 2647 949 2675 a
963 2633 1104 2675 fratre
1120 2646 1204 2674 suo
1219 2632 1248 2674 J
1253 2632 1310 2674 oh
1317 2645 1450 2682 anne,

190 2702 270 2756 qui
292 2701 539 2744 multarum
562 2706 662 2743 erat
682 2704 831 2742 rector
851 2699 1147 2741 ecclesiarum
1171 2704 1217 2740 et
1232 2698 1450 2753 pecunio-

191 2780 268 2808 sus
298 2767 448 2818 valde,
480 2773 531 2809 ut
570 2767 809 2821 pecuniam
851 2779 989 2820 quam
1025 2765 1112 2808 sibi
1154 2770 1451 2808 mutuaverat

1465 2160 1533 2192 July
1547 2161 1570 2185 l.
