1992 3202
453 289 679 319 WALTEm
713 289 775 319 DE
806 289 1184 320 nancssURGn.
1393 279 1452 320 43

184 406 274 434 non
297 391 560 441 admittens,
583 392 639 433 de
663 394 892 434 communi
914 394 1106 435 consilio
1121 397 1133 415 ‘
1149 390 1449 446 magnatum'¹
1483 403 1649 462 ξᾱῧεῖῑῖἐέ

185 471 373 500 suorum
400 459 620 512 praecepit
646 472 799 511 regem
824 458 1009 512 Angliae
1042 473 1124 513 per
1154 460 1339 501 brevem
1371 471 1451 500 vo-
1470 454 1573 517 mgna}
1586 455 1672 517 toth-e

185 525 296 574 cari,
326 529 451 565 certo
474 523 548 565 die
578 537 717 578 super
747 525 1010 579 hujusmodi
1039 525 1219 580 injuriis
1246 525 1294 566 in
1325 525 1450 566 curia
1471 525 1583 550 rrencu

1470 560 1562 583 court:

185 603 269 631 sua
291 603 635 644 responsurum.
679 590 790 642 Qui,
805 605 908 632 cum
931 591 989 633 ad
1008 592 1128 632 diem
1152 604 1243 632 non
1262 592 1452 643 veniret,
1470 591 1654 649 {gggffffw

185 662 466 710 praeceptum
496 656 585 698 fuit
614 661 661 698 et
688 670 716 698 a
747 658 875 698 curia
898 658 1020 710 regis
1045 657 1255 699 Franciae
1271 657 1455 712 judica·
1472 657 1638 683 namma

1471 692 1620 715 contuma-

186 728 300 772 tum,
321 722 446 776 quod
468 728 569 764 tota
601 727 721 764 terra
749 735 836 764 sua
865 723 1175 764 transmarina
1201 723 1453 773 seisiretur‚
1471 723 1654 782 fiissffiisssss‘ssr

185 794 232 830 et
252 790 417 830 iterum
442 789 712 830 recitaretur
735 788 793 829 ad
820 788 939 829 diem
970 789 1184 839 alterum,
1206 789 1292 830 sub
1316 802 1455 843 poena
1471 789 1648 848 fflnssssssemffl

187 854 492 895 forisfacturae
538 854 679 895 totius
717 858 852 896 terrae
888 866 990 895 ¹{suae
1030 854 1351 895 transmarinae
1386 868 1455 896 re·
1472 855 1654 888 9088689οΜ-

187 932 455 973 sponsurus.
488 919 594 960 Rex
612 924 767 961 autem
781 918 967 972 Angliae
985 920 1256 961 seditionem
1273 921 1454 970 timens,

190 990 352 1039 utpote
370 998 399 1026 a
414 985 689 1038 quibusdam
713 986 873 1027 amicis
897 986 993 1027 suis
1013 986 1332 1039 praemunitus,
1353 999 1456 1040 per-

188 1051 407 1093 sonaliter
449 1064 540 1092 non
586 1052 716 1102 adiit,
757 1052 835 1093 sed
878 1051 1114 1093 dominum
1162 1052 1453 1094 Edmundum

187 1118 376 1159 fratrem
418 1130 552 1159 suum
595 1118 809 1159 comitem
845 1117 1126 1172 Leycestriae
1165 1131 1270 1159 cum
1308 1118 1455 1160 literis

189 1184 283 1225 suis
308 1183 366 1224 ad
390 1184 509 1225 diem
526 1187 538 1205 ‘
554 1182 848 1237 utrumque'52
862 1184 1004 1234 misit,
1019 1184 1066 1225 in
1087 1184 1246 1225 eodem
1269 1185 1456 1238 negotio

189 1250 416 1291 facturum
455 1249 578 1302 quod
615 1250 801 1304 justitia
835 1250 1080 1296 suaderet;
1129 1250 1209 1304 qui
1239 1263 1341 1291 cum
1372 1263 1456 1304 pro

189 1329 295 1368 rege
327 1314 510 1368 Angliae
551 1328 654 1356 cum
694 1314 936 1357 sufficienti
968 1316 1188 1357 mandato
1217 1329 1268 1357 se
1303 1320 1455 1358 osten-

190 1381 340 1423 dendo
370 1381 552 1422 offerret
573 1394 665 1422 non
695 1385 967 1434 receperunt
986 1394 1111 1432 eum,
1135 1382 1215 1423 sed
1250 1383 1298 1423 in
1328 1382 1456 1423 curia

190 1448 310 1500 regis
327 1446 598 1501 judicarunt
618 1446 900 1488 Vasconiam
922 1451 970 1488 et
987 1460 1144 1488 omnes
1165 1453 1310 1489 terras
1333 1448 1456 1501 regis

190 1511 375 1565 Angliae
405 1512 665 1553 forisfactas
696 1525 779 1566 pro
812 1516 1093 1566 contemptu.
1165 1513 1275 1566 Ipse
1302 1518 1456 1555 autem

189 1578 398 1619 dominus
434 1576 725 1619 Edmundus³
759 1579 846 1620 sub
881 1591 964 1632 spe
994 1579 1122 1632 pacis
1153 1579 1456 1621 diversimode

192 1645 409 1686 tractavit
443 1657 548 1685 cum
578 1657 687 1697 rege
723 1644 1035 1696 Francorum3
1079 1645 1145 1686 ita
1175 1645 1299 1698 quod
1330 1658 1455 1687 com-

191 1711 389 1752 muniter
416 1710 645 1752 diceretur
669 1710 790 1764 quod
816 1724 899 1752 rex
927 1715 1084 1752 noster
1111 1723 1313 1752 sororem
1335 1711 1456 1764 regis

193 1777 400 1818 Franciae
421 1777 608 1818 duceret
629 1776 676 1817 in
700 1789 907 1828 uxorem,.
934 1780 981 1819 et
1003 1777 1158 1818 omnia
1180 1778 1454 1830 sopirentur.

191 1842 383 1883 Interim
423 1843 702 1884 senescallus
741 1843 865 1896 regis
896 1841 1109 1896 Angliae⁴
1138 1843 1187 1884 in
1222 1843 1457 1885 Vasconia

192 1909 455 1962 permittere
477 1909 624 1951 noluit
644 1909 878 1950 ministros
901 1909 1024 1962 regis
1048 1909 1258 1951 Franciae
1278 1909 1457 1951 Vasco-

191 1976 313 2016 niam
334 1975 512 2028 ingredi
533 1981 585 2017 ut
608 1974 818 2016 seisirent
833 1988 950 2025 eam,
963 1975 1195 2028 fiebatque
1219 1975 1458 2017 altercatio

191 2054 376 2094 magna,
392 2046 582 2095 propter
602 2041 724 2095 quod
745 2054 829 2082 rex
855 2041 1065 2082 Franciae
1083 2045 1250 2082 vocato
1274 2041 1458 2082 domino

193 2107 434 2148 Edmundo
449 2107 631 2160 rogavit
653 2119 757 2148 eum
772 2111 994 2159 tanquam
1010 2106 1139 2159 pacis
1159 2106 1458 2147 mediatorem

189 2177 236 2213 et
264 2173 459 2213 amicum
496 2172 619 2226 quod
651 2172 911 2224 ingressum
948 2184 1136 2213 suorum
1170 2172 1458 2225 permitteret

192 2238 354 2279 saltem
387 2239 433 2278 in
463 2242 662 2290 quatuor
686 2237 759 2279 vel
790 2237 992 2291 quinque
1022 2237 1253 2287 civitates,
1282 2238 1459 2279 scilicet

194 2304 431 2354 Burdews,
456 2304 637 2356 Bayon,
661 2302 856 2355 Langon
881 2308 928 2344 et
950 2303 1270 2354 Mermaunde,
1295 2308 1342 2345 et
1372 2303 1458 2345 hoc

191 2371 238 2411 in
265 2383 347 2423 spe
376 2370 522 2423 pacis,
544 2369 700 2410 dicens
734 2381 784 2409 se
811 2381 972 2422 pacem
1000 2368 1182 2410 firmare
1206 2383 1295 2410 non
1321 2382 1457 2423 posse

191 2436 279 2477 nisi
300 2441 542 2488 magnates
573 2436 644 2476 sui
668 2434 877 2476 viderent
898 2435 1174 2476 sententiam
1197 2435 1336 2476 curiae
1359 2447 1456 2476 suae

239 2552 247 2570 ¹
271 2554 281 2571 ⁴
292 2552 547 2593 magnatorum,'
562 2552 666 2583 MSS.
841 2551 875 2581 in
891 2561 912 2582 a
926 2550 1036 2590 letter,
1052 2553 1085 2582 to
1101 2550 1157 2582 the
1174 2551 1350 2582 seneschal
1365 2547 1457 2583 John

236 2600 248 2618 ²
271 2600 281 2617 ‘
294 2597 487 2639 utrimque‚’
505 2597 806 2631 MSS.Coll.Arm.
841 2597 883 2628 de
900 2597 950 2629 St.
962 2597 1065 2629 John.
1114 2597 1185 2628 The
1202 2598 1347 2637 original
1371 2598 1400 2629 is
1422 2598 1457 2629 in

189 2646 254 2677 and
272 2646 360 2677 Cott.
375 2646 452 2677 Tib.
841 2643 897 2675 the
908 2643 1031 2674 Tower
1040 2643 1078 2674 of
1086 2643 1238 2674 London.
1263 2643 1338 2675 Itis
1350 2644 1457 2683 print-

235 2691 248 2709 ³
270 2692 302 2722 A
327 2691 512 2731 particular
534 2693 676 2722 account
692 2690 730 2721 of
750 2690 805 2720 the
840 2690 882 2720 ed
906 2690 939 2719 in
958 2689 1095 2728 Rymer,
1113 2689 1268 2729 Foedera,
1285 2691 1308 2721 i.
1326 2692 1402 2722 794.

189 2738 297 2769 whole
327 2738 365 2768 of
394 2738 462 2769 this
495 2737 699 2768 transaction
733 2745 806 2767 was
886 2733 898 2752 ⁴
921 2735 1004 2766 This
1029 2735 1204 2768 seneschal
1221 2745 1292 2767 was
1307 2735 1398 2769 John
1414 2737 1456 2768 de

187 2784 396 2815 transmitted
422 2785 465 2823 by
486 2783 607 2815 Prince
635 2782 805 2821 Edmund,
838 2781 887 2813 St.
900 2781 1000 2813 John.
