2004 3272
412 327 638 359 wAn'rnssl
674 329 733 358 DE
766 329 1141 361 HEMINGBURGH.
1346 321 1406 361 21·

140 434 404 487 factumque
445 439 517 475 est
551 434 635 484 ita,
667 435 883 487 quoniam
922 448 1078 476 omnes
1119 435 1164 476 in
1202 447 1295 476 una
1330 435 1403 476 die
1438 446 1599 504 {⁶332}ss

139 500 260 553 capti
298 504 404 541 sunt
439 505 486 541 et
515 500 636 541 infra
671 500 809 541 alium
842 501 958 542 diem
993 506 1168 542 certum
1203 500 1400 553 expulsi.
1466 497 1472 503 ‘
1510 498 1517 503 ’
1603 496 1609 502 '

138 564 493 620 Confiscataque
520 571 628 607 sunt
651 567 806 608 omnia
831 568 952 608 bona
972 580 1129 608 eorum
1154 567 1403 609 immobilia
1419 579 1612 617 tpeirposses-

138 644 242 672 cum
269 631 444 673 starris¹
471 639 517 674 et
545 632 902 685 obligationibus
933 633 1056 681 suis;
1090 633 1268 686 reliqua
1291 646 1402 674 vero
1419 613 1608 671 ffiffifmffl‘

139 697 328 738 mobilia
347 711 451 738 cum
481 703 673 751 argento
697 703 743 739 et
776 711 889 740 auro
919 711 998 740 eos
1032 703 1270 752 asportare
1301 712 1403 752 per-

138 764 262 805 misit
300 777 398 810 rex,
437 764 559 817 quod
601 769 755 805 tamen
791 764 1025 817 displicuit
1055 764 1239 816 multis3
1285 765 1404 806 inter

137 842 254 883 quos
290 830 475 883 quidam
509 829 662 871 Judaei
698 829 1044 871 Londonienses
1074 830 1320 871 nobiliores
1357 836 1403 872 et

137 895 326 936 ditiores
358 895 500 936 totius
530 895 747 944 civitatis,
778 908 882 936 cum
905 895 1151 936 immensos
1182 895 1403 938 haberent

140 961 380 1002 thesauros
440 961 760 1002 conduxerunt
837 973 1002 1001 navem
1062 961 1118 1001 de
1177 962 1402 1014 portubus

138 1039 353 1080 magnam
387 1031 434 1068 et
467 1027 715 1074 excelsam,
742 1039 836 1080 qua
870 1031 1061 1068 onerata
1099 1027 1404 1069 ascenderunt

137 1105 238 1134 eam
281 1099 328 1134 et
369 1093 606 1145 abierunt3
659 1106 855 1147 cumque
896 1098 1049 1134 essent
1090 1093 1138 1133 in
1181 1092 1402 1135 descensu

139 1159 386 1200 Themisiae
418 1158 560 1213 juxta
601 1172 727 1200 mare
781 1159 928 1212 gratis
992 1159 1262 1201 anchoravit
1301 1173 1403 1201 eam

139 1225 358 1278 magister
378 1226 509 1266 navis
529 1226 576 1266 in
595 1226 758 1266 mediis
778 1225 1011 1275 fluctibus,
1036 1226 1258 1278 cogitavit
1282 1227 1401 1267 enim

137 1291 258 1332 intra
310 1304 360 1332 se
409 1296 456 1332 et
503 1291 738 1333 condoluit
779 1305 837 1332 ne
880 1292 1022 1333 tantis
1062 1291 1180 1333 forte
1230 1292 1403 1334 divitiis

137 1358 415 1410 spoliaretur
442 1362 578 1399 terra.
650 1358 1034 1399 Decrescentibus
1063 1358 1248 1399 tandem
1270 1359 1403 1411 aquis

137 1423 357 1465 remansit
406 1423 509 1476 ipsa
560 1424 692 1464 navis
744 1437 883 1477 super
931 1428 944 1446 ‘
962 1424 1137 1465 aridam
1155 1423 1189 1446 ’⁹
1242 1430 1289 1465 et
1336 1425 1402 1466 ait

138 1490 346 1531 Judaeis:
399 1489 634 1531 “Domini
677 1490 780 1539 mei,
815 1489 915 1544 jam
970 1490 1153 1543 gravati
1200 1490 1311 1531 estis
1355 1492 1402 1531 in

137 1556 285 1609 aquis,
306 1560 352 1597 et
379 1559 714 1608 superventura
733 1560 842 1596 sunt
869 1555 1015 1596 multo
1036 1555 1214 1610 majora
1237 1569 1403 1609 grava-

137 1622 288 1670 mina;
316 1623 486 1663 bonum
508 1627 576 1663 est
594 1622 716 1675 quod
744 1634 922 1662 mecum
946 1621 1208 1663 ascendatis
1229 1623 1404 1675 spatia-

136 1689 228 1729 turi
275 1688 322 1729 in
363 1687 492 1728 arida
533 1700 672 1741 super
716 1700 902 1729 arenam
947 1689 1102 1737 maris,
1147 1701 1239 1729 non
1280 1689 1400 1729 enim

134 1754 321 1795 venient
360 1767 493 1808 aquae
544 1767 715 1807 magno
763 1753 962 1807 spatio.''
1050 1753 1403 1808 Adquieverunt

136 1833 246 1873 ergo
267 1821 309 1861 ei
334 1820 587 1874 gaudentes
607 1824 654 1861 et
682 1820 925 1868 exierunt3
953 1821 1052 1874 ipse
1074 1834 1182 1862 vero
1205 1820 1402 1862 adduxit

134 1899 213 1928 eos
229 1891 275 1928 et
288 1900 315 1928 a
331 1887 438 1927 navi
459 1886 640 1939 longius
661 1887 873 1936 attraxit,
889 1899 1130 1940 quousque
1150 1899 1400 1940 cognosce-

133 1958 205 1994 ret
224 1966 350 1994 mare
372 1953 538 1994 iterum
559 1952 813 1993 redundare
831 1952 995 1994 debere
1015 1966 1025 1994 ε
1053 1953 1401 1994 advenientibus

134 2019 319 2060 tandem
336 2018 552 2060 fluctibus
572 2019 869 2072 praecucurrit
890 2019 988 2072 ipse
1005 2025 1146 2060 nauta
1166 2025 1212 2061 et
1235 2032 1399 2060 navem

134 2098 235 2126 cum
278 2085 447 2126 chorda
489 2085 722 2137 ascendit3
768 2084 924 2126 Judaei
963 2098 1089 2134 vero,
1125 2085 1252 2126 lento
1286 2085 1400 2138 pede

132 2157 391 2204 sequentes,
412 2151 729 2192 clamaverunt
758 2151 815 2191 ad
843 2164 947 2191 eum
978 2156 1030 2191 ut
1059 2151 1178 2191 salvi
1210 2150 1398 2202 fierent;

135 2222 183 2258 at
205 2217 310 2258 ille:
344 2221 374 2239 “
393 2216 549 2266 Non,''
576 2217 742 2269 inquit,
771 2216 873 2257 “ad
905 2229 976 2256 me
1007 2216 1087 2257 sed
1118 2216 1176 2257 ad
1200 2217 1397 2270 prophe-

135 2290 229 2325 tam
251 2288 453 2324 vestrum
478 2283 675 2335 Moysen
694 2282 891 2324 clamate
921 2281 1125 2330 fortiter;
1159 2283 1258 2336 ipse
1278 2284 1396 2324 enim

131 2349 292 2391 eduxit
307 2353 463 2402 patres
475 2352 654 2390 vestros
674 2361 756 2401 per
776 2348 973 2389 medium
997 2348 1143 2390 Maris
1164 2349 1331 2398 Rubri,
1351 2354 1397 2390 et

133 2420 297 2469 potens
318 2419 390 2456 est
409 2427 493 2455 vos
515 2414 689 2468 eripere
721 2413 777 2455 de
805 2413 1020 2455 fluctibus
1050 2415 1152 2455 istis
1176 2414 1215 2455 si
1239 2415 1399 2456 velit.''

134 2481 463 2523 Clamaverunt
483 2493 593 2533 ergo
625 2479 682 2521 ad
716 2480 965 2521 Dominum
995 2484 1041 2520 et
1069 2480 1282 2533 Moysen,
1315 2493 1399 2522 nec

133 2546 341 2588 exauditi
380 2551 503 2595 sunt,
538 2546 752 2600 quoniam
789 2546 1029 2587 absorbuit
1065 2558 1144 2587 eos
1177 2558 1318 2595 mare,
1353 2553 1399 2587 et

134 2613 358 2654 submersi
402 2618 509 2653 sunt
549 2613 595 2652 in
638 2612 799 2653 mediis
850 2611 1092 2659 fluctibus;
1154 2611 1253 2665 ipse
1289 2625 1399 2653 vero

182 2724 189 2742 ¹
215 2726 290 2757 One
314 2725 352 2757 of
378 2726 472 2756 these
495 2725 627 2757 Jewish
657 2735 752 2756 cove-
783 2725 889 2755 Titles
915 2724 953 2755 of
977 2724 1119 2755 Honour
1143 2724 1237 2764 gives
1266 2725 1401 2757 various

133 2775 230 2803 nante
252 2772 282 2803 is
301 2771 481 2811 preserved
503 2772 536 2802 in
558 2771 614 2802 the
637 2771 751 2803 Cotto·
785 2771 973 2810 specimens
989 2769 1027 2800 of
1038 2769 1140 2802 them.

132 2819 210 2849 nian
227 2818 328 2850 MSS.
342 2819 433 2858 Aug.
451 2818 487 2849 ii.
504 2820 579 2850 107.
597 2817 750 2849 Selden’s
832 2814 845 2833 ⁹
867 2818 876 2834 ‘
888 2816 1036 2856 siccam,’
1053 2816 1128 2848 MS.
1147 2816 1271 2849 Lansd.
