2038 3306
478 312 700 344 wAn‘rEm
735 312 796 342 DE
828 312 1204 345 HEM1NGBURGH.
1373 303 1459 345 291
1486 287 1491 291 ’

195 417 354 457 borum
373 416 445 457 vel
467 417 764 470 expressione
781 418 1029 468 concessis,
1048 431 1129 471 per
1145 429 1250 471 quae
1271 416 1459 459 effectus
1489 428 1607 487 {agam
1623 429 1662 454 ιι.

195 482 487 535 praesentium
503 487 662 536 posset
679 483 1024 536 quomodolibet
1043 483 1270 537 impediri.
1325 477 1458 524 Nulli
1517 479 1523 487 '
1566 463 1662 487 '¹³⁰⁸'

194 548 335 600 igitur
364 547 598 589 hominum
628 549 767 590 liceat
800 549 916 590 hanc
942 549 1159 603 paginam
1184 553 1355 590 nostrae
1390 549 1459 589 in-

194 613 446 664 hibitionis,
468 614 691 664 mandati,
708 614 1210 663 excommunicationis,
1227 614 1458 656 interdicti

195 684 241 720 et
278 680 603 721 reservationis
636 680 883 733 infringere
913 682 1031 721 ausu
1067 681 1311 722 temerario
1347 693 1456 722 con-

195 745 348 786 traire.
410 746 585 788 Datum
626 746 843 787 Tholosae
874 757 946 787 111.
987 745 1210 788 kalendas
1245 746 1608 788 JanuariiMonday.

194 811 491 864 pontificatus
514 812 658 853 nostri
682 824 804 852 anno
822 816 1003 864 quarto.
1075 811 1306 862 Quocirca
1327 812 1457 853 vobis
1476 791 1542 816 Dee'
1557 792 1598 815 ω’

196 889 277 930 per
290 877 543 930 apostolica
551 877 722 930 scripta
735 876 1022 926 mandamus,
1031 881 1259 930 quatenus
1273 882 1458 918 senten-

195 942 283 983 tias
307 942 569 996 hujusmodi
590 947 636 983 et
665 954 907 995 processus
931 954 1047 996 quos
1069 942 1202 983 vobis
1224 943 1310 983 sub
1332 942 1459 983 bulla

194 1011 352 1048 nostra
374 1008 739 1058 transmittimus,
759 1008 807 1048 in
831 1007 1025 1061 singulis
1054 1008 1205 1055 terris,
1230 1008 1393 1049 castris
1414 1013 1460 1049 et

194 1072 307 1114 locis
328 1074 586 1127 insignibus
603 1078 860 1115 vestrarum
877 1074 1118 1116 civitatum
1133 1078 1180 1115 et
1193 1073 1458 1123 dioecesum,

194 1151 348 1179 coram
381 1140 502 1181 clero
525 1144 572 1181 et
600 1139 788 1193 populo,
812 1152 895 1192 per
917 1152 1001 1181 vos
1036 1139 1111 1184 vel
1140 1139 1340 1193 aliquem
1376 1151 1459 1180 seu

195 1204 392 1257 aliquos,
424 1205 584 1246 diebus
619 1205 872 1247 Dominicis
904 1210 951 1247 et
987 1205 1165 1247 festivis
1206 1205 1325 1256 aliis,
1359 1213 1457 1247 stu-

195 1270 344 1311 deatis
367 1271 632 1312 solemniter
652 1271 933 1324 publicare.''

265 1335 477 1378 Perlecta
528 1336 686 1390 itaque
737 1337 880 1387 bulla,
927 1336 1112 1378 attoniti
1165 1341 1273 1378 sunt
1326 1336 1459 1378 multi
1494 1350 1571 1375 ΑΛ).
1588 1350 1660 1374 1311.

196 1402 435 1443 audientes
490 1415 623 1454 eam3
676 1407 724 1444 et
772 1403 896 1444 facta
947 1402 1090 1455 longa
1146 1402 1459 1456 disputatione

197 1472 244 1508 et
277 1481 445 1520 magna
478 1468 779 1509 altercatione
810 1481 949 1522 super
973 1468 1120 1509 tribus
1157 1468 1258 1518 viis,
1288 1468 1460 1509 scilicet

195 1533 581 1583 condemnatoria,
617 1533 901 1575 absolutoria
941 1538 987 1574 et
1023 1533 1256 1583 relatoria,
1291 1532 1459 1589 (scrip-

196 1603 320 1639 serat
363 1599 482 1640 enim
525 1611 660 1652 papa,
702 1598 825 1652 quod
868 1599 907 1640 si
950 1598 1206 1652 singulares
1252 1611 1459 1652 personae

196 1664 564 1718 Templariorum
613 1669 769 1706 essent
817 1665 1021 1706 inventae
1070 1664 1118 1704 in
1166 1664 1463 1717 inquisitione

196 1730 448 1783 culpabiles
507 1730 564 1771 de
624 1730 804 1780 haeresi,
868 1730 991 1784 quod
1053 1730 1466 1772 condemnarentur

198 1796 340 1847 tales3
376 1797 428 1837 vsi
474 1809 584 1837 vero
631 1797 874 1846 immunes,
917 1795 1040 1850 quod
1083 1796 1459 1843 absolverentur;

198 1862 239 1903 si
279 1866 434 1903 autem
471 1861 659 1903 dubium
694 1862 892 1903 oriretur
928 1862 976 1903 in
1020 1862 1149 1915 ipsis,
1188 1861 1312 1915 quod
1352 1866 1463 1903 tunc

198 1927 445 1968 referretur
484 1940 626 1969 causa
666 1927 725 1969 ad
763 1926 978 1983 curiam,)
1024 1932 1070 1969 et
1111 1928 1222 1981 quia
1262 1940 1354 1968 non
1395 1928 1462 1968 in-

198 1994 504 2035 veniebantur
552 2006 613 2035 ex
657 1997 757 2035 toto
807 1993 1075 2046 culpabiles,
1125 2005 1209 2034 nec
1253 2005 1312 2034 ex
1363 1996 1462 2034 toto

197 2059 439 2109 immunes,
491 2059 573 2100 sed
630 2063 818 2112 propter
877 2059 1089 2112 quaedam
1150 2057 1360 2099 confessa
1414 2058 1462 2099 in

199 2125 407 2165 articulis
482 2124 696 2177 superius
766 2124 998 2165 annotatis
1071 2123 1290 2176 suspecti,
1360 2123 1463 2165 ideo

200 2190 439 2242 elegerunt
487 2190 611 2231 viam
660 2189 941 2238 relatoriam,
988 2194 1035 2230 et
1087 2189 1358 2230 remiserunt
1417 2190 1464 2230 in

201 2255 351 2296 dubiis
383 2268 571 2296 causam
600 2254 658 2296 ad
689 2254 928 2296 concilium
967 2267 1111 2308 papae.
1181 2252 1467 2308 Accepitque

201 2321 412 2362 dominus
462 2320 832 2374 archiepiscopus
876 2333 980 2361 cum
1020 2319 1251 2362 lachrimis
1295 2333 1324 2360 a
1365 2324 1464 2362 toto

201 2386 323 2428 clero
355 2399 440 2427 suo
478 2386 727 2436 licentiam,
760 2389 807 2427 et
836 2386 1070 2439 profectus
1106 2389 1176 2426 est
1217 2385 1264 2425 in
1301 2386 1464 2427 itinere

199 2465 286 2494 suo
327 2452 384 2494 ad
425 2452 684 2502 concilium,
724 2451 884 2493 relicto
923 2451 1095 2492 vicario
1137 2463 1222 2492 suo
1261 2452 1464 2504 generali
1483 2471 1634 2497 nobertde

201 2519 421 2572 magistro
445 2517 652 2559 Roberto
677 2517 734 2558 de
755 2516 1010 2571 Pikeryng.
1062 2515 1156 2567 Qui
1176 2529 1388 2558 reversus
1408 2517 1464 2558 de
1481 2504 1629 2569 {13531'1'250

202 2584 454 2625 Londoniis
499 2583 771 2625 convocavit
819 2584 986 2625 iterato
1036 2582 1224 2632 clerum,
1260 2587 1306 2623 et
1350 2596 1464 2624 nun·
1481 2570 1629 2635 ἱῗξιιὲζὲξ·

201 2650 343 2691 ciavit
362 2650 430 2691 eis
455 2662 536 2703 per
565 2649 725 2691 literas
756 2649 1073 2702 episcoporum
1104 2648 1392 2690 authenticas
1421 2654 1467 2691 et
1482 2637 1606 2702 ζὲῗῗζῖαι,

201 2714 504 2758 instrumenta
519 2715 720 2769 publica,
731 2715 960 2769 quomodo
977 2714 1069 2756 duo
1083 2713 1335 2768 Templarii
1349 2714 1467 2756 Lon-

203 2780 352 2822 doniis
380 2794 533 2823 coram
562 2781 747 2824 domino
777 2780 1120 2834 archiepiscopo
1147 2779 1468 2822 cantuariensi

1236 2863 1298 2891 U2
