2038 3306
466 326 688 357 WAL'l'ERl
724 326 785 355 DE
818 325 1191 356 HEMINGBURGH.
1377 312 1463 357 123

195 428 380 471 domino
407 429 667 483 Reginaldo
691 430 748 471 de
779 429 943 485 Gray‚¹
966 442 1121 472 coram
1142 429 1265 472 omni
1286 429 1462 484 populo
1496 443 1657 503 {dg-1:333

196 496 439 546 commisit,
480 497 794 550 praecepitque
836 503 889 538 ut
929 497 1082 538 omnia
1125 497 1213 538 sibi
1248 497 1463 538 restitue·
1525 495 1533 503 ‘
1572 496 1579 502 '
1660 494 1668 502 ”

196 567 367 612 rentur,
411 563 552 604 etiam
597 576 742 617 usque
784 563 1098 604 advultimum
1141 563 1462 616 quadrantem.

198 627 382 681 Sicque,
410 628 596 671 favente
626 630 745 679 Deo,
783 643 887 671 cum
919 630 1092 671 honore
1122 629 1340 671 reductus
1376 635 1464 679 est,

196 695 276 748 qui
306 700 500 737 mortem
530 709 621 737 non
653 701 862 738 metuens
894 701 906 718 ‘
927 709 1012 749 pro
1042 695 1213 737 honore
1246 695 1335 737 Dei
1366 708 1464 737 cer-

197 762 315 803 tavit
346 762 405 803 ad
439 762 684 813 mortem‚'²
724 774 976 816 omnesque
1008 767 1252 815 magnates
1288 762 1367 815 qui
1401 762 1465 803 ibi
1482 776 1671 808 manyorme

196 827 405 878 aderant,
448 829 550 882 ipso
593 829 718 882 regis
763 829 875 878 filio,
918 840 979 869 ex
1022 833 1258 881 praecepto
1302 828 1463 881 patris,
1480 810 1630 883 ῗέζιῗῗῖἓυ

194 893 464 935 fidelitatem
497 895 744 943 faciebant,
767 900 812 936 et
846 895 905 935 ab
933 894 1058 934 omni
1090 894 1263 947 populo
1297 894 1464 935 levatis
1481 877 1612 936 {affixa

194 959 371 1001 dextris
394 973 529 1001 verus
559 960 937 1002 conclamabatur
973 959 1137 1009 haeres,
1168 959 1351 1000 futurus
1384 960 1467 1009 dbo-

193 1026 360 1075 minus,
397 1031 444 1067 et
470 1027 600 1079 regni
633 1039 885 1067 successor.
948 1025 1205 1066 Excusavit
1241 1026 1380 1067 etiam
1415 1039 1465 1067 se

194 1104 278 1133 rex
299 1092 356 1133 de
379 1093 702 1134 exactionibus
723 1097 771 1134 et
792 1092 928 1146 prisis
946 1104 1062 1146 quas
1079 1104 1108 1133 a
1120 1091 1293 1145 populo
1309 1105 1464 1133 susce-

193 1163 342 1211 perat,
358 1159 515 1200 dicens
533 1171 583 1200 se
596 1159 783 1212 incepta
805 1162 817 1180 ‘
832 1156 1090 1212 prosequi’³
1109 1171 1202 1199 non
1218 1171 1356 1212 posse
1375 1159 1464 1200 nisi

195 1237 353 1266 eorum
397 1226 663 1267 subveniret
702 1225 835 1278 larga
876 1237 1057 1274 manus,
1094 1225 1325 1278 praecipue
1360 1238 1464 1266 cum

196 1304 289 1331 non
328 1304 461 1332 suam
509 1296 691 1332 tantum
730 1292 871 1332 immo
913 1291 1058 1332 totius
1099 1291 1261 1344 populi
1303 1297 1464 1344 ageret

199 1370 402 1407 causam,
433 1363 655 1411 tanquam
693 1362 926 1412 protector
963 1370 1121 1398 eorum
1155 1363 1202 1398 et
1236 1357 1463 1399 defensor.

199 1423 497 1477 Rogavitque
518 1424 755 1478 populum,
781 1428 973 1477 accepta
1003 1423 1205 1473 licentia,
1230 1429 1281 1465 ut
1310 1425 1464 1465 omnia

195 1490 566 1532 condonarentur
589 1491 646 1540 ei,
669 1495 715 1531 et
732 1494 918 1532 orarent
940 1502 1024 1543 pro
1047 1503 1116 1531 eo.
1188 1489 1248 1531 Et
1269 1491 1463 1532 orabant

195 1555 383 1609 quidam
414 1557 613 1610 publice,
644 1556 722 1597 alii
755 1561 909 1597 autem
940 1554 1276 1597 maledicebant
1305 1557 1353 1597 in
1384 1569 1461 1598 oc-

194 1621 334 1663 culto.
405 1622 623 1664 Praedicti
658 1635 769 1664 vero
806 1622 996 1663 comites
1029 1621 1386 1663 Herefordensis
1417 1627 1463 1664 et
1478 1640 1539 1665 The
1552 1640 1630 1670 nah

194 1689 494 1730 marescallus
530 1701 558 1730 a
594 1702 703 1742 rege
737 1701 787 1730 se
821 1687 1162 1737 subtrahenteS,
1199 1701 1303 1729 cum
1342 1689 1463 1730 votis
1478 1673 1630 1732 ffi‘ffl‘

193 1754 338 1808 ipsius
379 1769 471 1796 non
504 1761 720 1809 parerent
759 1756 818 1796 ab
861 1767 1020 1796 eorum
1064 1753 1224 1796 officiis
1263 1755 1464 1796 absoluti
1479 1740 1667 1813 ffiissssffffde‘

194 1820 339 1871 sunt,⁴
369 1821 588 1875 deditque
608 1835 693 1863 rex
717 1835 873 1863 eorum
891 1820 1041 1862 officia
1064 1820 1166 1862 aliis
1188 1821 1462 1874 quibusdam
1479 1807 1670 1832 ‘hamffim'

194 1888 274 1940 qui
307 1888 623 1930 ministrarent
654 1886 727 1931 ei.⁵
787 1887 927 1939 Quod
956 1887 1044 1941 ipsi
1076 1900 1221 1940 grave
1245 1887 1462 1938 ferentes,

195 1955 429 2008 praecipue
463 1967 567 1996 cum
599 1968 690 1996 non
724 1959 908 1995 tantum
945 1954 1175 2007 propriam
1209 1954 1290 1995 sed
1321 1954 1461 1995 etiam

196 2021 341 2061 totius
387 2021 731 2062 communitatis
774 2033 960 2062 causam
1006 2024 1211 2073 agerent,
1257 2020 1462 2062 dicentes

195 2087 524 2128 mediatoribus
578 2088 719 2140 pacis,
772 2087 850 2140 qui
891 2087 1013 2127 inter
1051 2087 1178 2139 ipsos
1216 2091 1263 2127 et
1308 2099 1460 2139 regem

195 2154 482 2205 equitabant,
514 2154 637 2206 quod
668 2166 760 2194 non
789 2153 939 2194 solum
971 2152 1062 2206 ipsi
1093 2152 1175 2193 sed
1211 2156 1310 2193 tota
1337 2165 1463 2194 com-

195 2219 398 2260 munitas
434 2225 568 2260 terrae
612 2223 809 2272 gravata
847 2223 960 2265 erat,
1005 2223 1051 2258 et
1096 2218 1219 2259 ultra
1260 2219 1460 2269 modum,

194 2285 251 2326 de
274 2285 460 2339 injustis
494 2286 840 2334 vexationibus,
871 2284 1111 2336 talliagiis,
1147 2290 1194 2325 et
1226 2285 1378 2338 prisis‚
1413 2291 1461 2326 et

194 2352 395 2393 maxime
437 2352 558 2405 quod
592 2365 684 2393 non
716 2351 968 2392 secundum
999 2350 1238 2392 libertates
1272 2350 1462 2404 Magnae

199 2417 354 2459 Cartae
385 2418 691 2468 ducerentur;
729 2431 926 2471 cumque
957 2417 1079 2469 regis
1112 2417 1311 2457 animum
1341 2418 1463 2459 vide-

241 2533 248 2551 ¹
272 2535 345 2567 The
360 2535 548 2575 Justiciary
560 2535 598 2567 of
609 2534 762 2567 Chester.
843 2534 941 2573 given
963 2534 998 2564 in
1019 2533 1075 2564 the
1099 2533 1221 2574 King's
1241 2534 1460 2566 declaration.

239 2580 253 2599 ²
275 2583 284 2599 ‘
296 2592 357 2621 pro
377 2592 488 2614 amore
513 2582 581 2614 Dei
596 2581 739 2614 certavit
754 2591 810 2612 us·
843 2581 919 2611 Rot.
944 2580 1023 2611 Pat.
1046 2583 1087 2612 25
1106 2580 1204 2612 Edw.
1221 2580 1250 2611 I.
1268 2591 1300 2620 p.
1318 2584 1351 2617 2,
1366 2590 1410 2613 m.
1427 2584 1461 2621 ⁷,

194 2638 261 2668 que
278 2629 322 2660 ad
338 2626 501 2669 mortem‚’
517 2629 581 2660 MS
611 2628 701 2661 Cott.
717 2628 794 2660 Tib.
842 2628 877 2658 in
891 2627 990 2659 Turr.
1007 2627 1113 2658 Lond.
1127 2637 1136 2665 ;
1161 2627 1298 2667 Rymer,
1314 2628 1336 2659 i.
1356 2630 1432 2660 872.

239 2674 253 2693 ³
283 2675 293 2692 ‘
309 2678 342 2706 et
382 2675 567 2716 prosequi‚’
605 2675 682 2707 MS.
721 2674 808 2708 Coll.
890 2672 903 2690 ⁵
924 2673 1071 2705 Thomas
1105 2673 1148 2705 de
1184 2673 1354 2714 Berkelye
1389 2683 1464 2705 was

194 2722 288 2753 Arm.
844 2721 1027 2760 appointed
1056 2719 1150 2760 High
1177 2720 1372 2760 Constable,
1396 2721 1463 2752 and

239 2767 251 2785 ⁴
275 2768 341 2799 For
364 2768 515 2808 refusing
539 2772 572 2799 to
597 2771 723 2799 muster
753 2767 809 2799 the
844 2767 1004 2806 Geoss'rey
1019 2766 1062 2798 de
1085 2766 1242 2798 Genevill
1268 2767 1350 2799 Earl
1372 2767 1465 2799 Mar·

192 2814 324 2846 militia.
374 2815 424 2847 M.
439 2815 577 2846 Westm.
602 2814 691 2846 Flor.
717 2814 809 2846 Hist.
844 2813 930 2845 shal.
983 2813 1056 2845 Rot.
1071 2812 1149 2845 Pat.
1167 2815 1208 2844 25
1223 2813 1323 2846 Edw.
1335 2814 1366 2847 Ι.
1383 2824 1418 2854 Ρ.
1431 2816 1465 2855 2,

193 2863 269 2893 430.
294 2877 298 2881 »
323 2861 377 2892 An
410 2862 608 2902 interesting
642 2860 746 2892 detail
780 2861 810 2892 is
845 2871 888 2892 m.
904 2862 924 2890 7
937 2870 946 2899 ;
973 2860 1108 2899 Rymer,
1123 2860 1146 2892 i.
1163 2862 1238 2892 872.
