2038 3306
333 437 451 461 Edward
466 435 505 461 11.

337 469 371 493 A.
382 469 414 493 D.
428 470 501 494 1308.

322 525 386 550 Buu
399 525 428 549 oi
445 525 519 556 Pope

320 557 464 584 clement.-

533 311 620 353 282
1031 322 1310 356 canonicor«

537 431 583 468 et
618 427 808 468 fratrum
837 427 1008 468 ordinis
1036 427 1279 480 praelibati,
1307 441 1460 471 coram
1495 431 1648 471 multis
1681 443 1794 483 prae-

536 492 643 533 latis
663 498 709 534 ct
744 493 971 534 haereticae
1005 493 1247 546 pravitatis
1276 495 1544 549 inquisitore
1574 497 1620 537 in
1651 509 1793 548 regno

539 558 745 599 Franci-ce
780 558 942 608 factas,
976 558 1156 602 habitas
1185 564 1232 600 et
1264 565 1489 614 receptas,
1521 566 1568 603 et
1601 562 1648 602 in
1683 562 1791 614 pub-

536 623 670 664 licam
698 624 974 677 scripturam
1005 624 1230 674 redactas,
1253 626 1475 679 nobisque
1501 639 1556 668 ac
1575 627 1792 668 fratribus

537 690 704 730 nostris
725 695 952 740 ostensas,
975 689 1309 743 quodammodo
1330 691 1606 734 viderentur.
1669 691 1793 742 Quia

535 754 656 796 fama
678 760 724 797 et
747 755 969 797 clamores
998 756 1206 809 praedicti
1233 756 1281 797 in
1301 761 1480 798 tantum
1503 756 1795 799 invaluerant

536 826 582 861 et
619 821 884 871 ascendant,
920 826 1012 863 tam
1043 826 1204 863 contra
1240 822 1390 875 ipsum
1419 823 1621 864 ordinem
1652 832 1790 876 quam

537 899 758 939 personas
794 887 1051 940 singulares
1094 887 1314 942 ejusdem,
1353 888 1474 941 quod
1519 889 1616 930 sine
1661 888 1793 942 gravi

535 953 753 994 scandalo
793 953 1068 994 dissimulari
1106 967 1196 995 uon
1232 958 1461 1006 poterant,
1498 967 1582 996 nec
1617 955 1791 1008 absque

535 1017 785 1061 imminenti
818 1019 1022 1073 periculo
1056 1019 1288 1071 tollerari3
1334 1031 1434 1070 nos,
1479 1020 1626 1069 Illius,
1657 1021 1791 1075 cujus

536 1083 657 1125 vices
690 1085 738 1126 in
770 1085 902 1126 terris
929 1080 1145 1137 gerimuS,
1177 1085 1379 1138 vestigiis
1412 1086 1704 1135 inhaerentes,
1732 1084 1790 1128 ad

535 1149 854 1203 inquirendum
875 1151 931 1191 de
951 1150 1182 1204 praedictis
1196 1150 1372 1191 ratione
1384 1151 1557 1203 praevia
1575 1151 1791 1193 duximus

535 1216 885 1267 procedendum,
920 1215 1169 1268 multisque
1189 1215 1245 1256 de
1271 1217 1643 1269 praeceptoribus,
1664 1230 1790 1270 pres-

536 1280 721 1333 byteris,
734 1281 955 1322 militibus
974 1286 1020 1322 et
1038 1281 1140 1322 aliis
1162 1281 1376 1322 fratribus
1391 1282 1600 1335 praedicti
1620 1283 1790 1324 ordinis

534 1347 836 1399 reputationis
882 1360 972 1388 non
1018 1347 1207 1388 modicae
1255 1347 1303 1388 in
1348 1352 1506 1389 nostra
1546 1350 1791 1401 praesentia

533 1412 809 1462 constitutis,
831 1412 1037 1466 praestito
1058 1413 1116 1454 ab
1141 1413 1207 1454 eis
1221 1412 1484 1467 juramento
1510 1415 1632 1467 quod
1653 1427 1793 1468 super

533 1479 779 1531 praemissis
800 1491 972 1519 meram
998 1482 1045 1519 et
1076 1478 1257 1531 plenam
1288 1479 1416 1520 nobis
1443 1479 1644 1521 dicerent
1673 1482 1791 1522 veri-

533 1548 691 1594 tatem,
732 1557 870 1598 super
908 1544 1155 1598 praemissis
1194 1545 1583 1598 interrogavimus
1627 1552 1674 1588 et
1709 1560 1791 1588 ex-

533 1610 850 1659 aminavimus,
868 1610 1138 1664 quibusdam
1158 1623 1217 1651 ex
1239 1611 1456 1652 fratribus
1473 1612 1639 1653 nostris
1661 1613 1791 1654 nobis

532 1676 852 1718 assistentibus
883 1675 1154 1728 diligenter3
1190 1688 1438 1729 eorumque
1467 1677 1790 1728 confessiones,

531 1754 612 1795 per
627 1742 835 1796 publicas
854 1753 1015 1782 manus
1031 1741 1079 1782 in
1099 1741 1408 1783 authenticam
1430 1742 1701 1796 scripturam
1718 1757 1788 1786 re-

530 1807 705 1858 dactas,
734 1807 857 1849 illico
885 1807 932 1848 in
954 1811 1112 1848 nostra
1135 1814 1181 1848 et
1209 1807 1433 1849 dictorum
1461 1808 1651 1850 fratrum
1682 1822 1788 1851 nos-

531 1878 704 1915 trorum
738 1873 1000 1927 praesentia,
1022 1885 1077 1914 ac
1106 1872 1301 1924 demum,
1326 1873 1598 1927 interposito
1630 1875 1787 1929 aliquo

529 1939 702 1980 dierum
725 1939 892 1992 spatio,
911 1939 958 1979 in
978 1938 1112 1992 pleno
1136 1939 1407 1980 consistorio
1427 1939 1579 1992 legere
1598 1940 1787 1983 fecimus

530 2017 679 2045 coram
719 2005 846 2058 ipsis,
886 2016 940 2045 ac
978 2005 1026 2045 in
1065 2016 1150 2046 suo
1182 2004 1362 2057 vulgari
1401 2005 1587 2047 cuilibet
1626 2019 1783 2048 eorum

529 2071 724 2124 exponi3
763 2070 842 2123 qui
873 2074 1219 2123 perseverantes
1244 2070 1291 2110 in
1318 2070 1426 2120 illis,
1457 2083 1536 2112 eas
1567 2084 1786 2126 expresse

530 2141 575 2178 et
604 2140 781 2190 sponte,
805 2141 942 2190 prout
967 2136 1171 2178 recitatae
1197 2136 1393 2187 fuerant,
1417 2136 1550 2178 flexis
1577 2138 1786 2190 genibus,

530 2203 829 2255 manibusque
863 2202 1126 2256 complosis,
1163 2202 1567 2256 lachrymabiliter,
1603 2203 1785 2255 devote,

529 2281 583 2310 ac
618 2268 849 2309 humiliter
884 2268 1214 2322 supplicantes,
1257 2268 1378 2321 quod
1418 2281 1500 2310 nos
1533 2269 1598 2310 eis
1627 2274 1784 2312 tama

529 2334 758 2387 praedictis
778 2334 995 2383 reatibus,
1017 2346 1155 2387 quam
1178 2335 1662 2376 excommunicationis
1685 2347 1786 2378 sen-

530 2401 673 2441 tentia
713 2413 851 2453 quam
893 2400 1190 2450 incurrerant,
1236 2412 1319 2453 pro
1367 2401 1613 2453 praemissis
1651 2402 1786 2444 abso-

528 2465 715 2507 lutionis
746 2466 1040 2519 dignaremur
1076 2466 1343 2507 beneficium
1383 2466 1620 2519 impertiri,
1660 2468 1782 2521 quod

531 2532 595 2572 eis
625 2532 766 2587 juxta
803 2532 997 2573 formam
1038 2531 1242 2573 ecclesiae
1278 2531 1493 2572 duximus
1536 2533 1784 2574 conceden-

530 2597 653 2646 dum,
695 2598 1020 2651 approbarunt.
1102 2597 1277 2639 Verum
1323 2596 1431 2650 quia
1473 2598 1521 2637 in
1561 2598 1785 2640 universis

531 2664 685 2705 mundi
714 2664 920 2717 partibus
950 2677 1031 2718 per
1061 2675 1176 2716 quas
1203 2662 1322 2704 idem
1354 2662 1465 2704 ordo
1501 2663 1785 2716 diffunditur,

530 2742 583 2770 ac
621 2730 755 2771 iidem
793 2729 958 2771 fratres
991 2729 1164 2783 degunt
1197 2729 1357 2782 ipsius,
1400 2741 1538 2782 super
1572 2729 1658 2771 hiis
1694 2744 1783 2772 non

529 2807 769 2846 possumus
807 2796 1037 2849 inquirere
1068 2809 1149 2849 per
1181 2795 1499 2849 nosmetipsos,
1539 2801 1589 2837 ut
1626 2801 1783 2838 nostra
