2038 3306
574 309 661 353 322
1059 316 1333 349 cunomcon

364 432 487 459 Edward
504 431 562 458 111·
580 433 670 461 non
691 419 829 461 liceat
859 419 1030 461 homini
1053 419 1109 460 de
1129 420 1327 461 vitandis
1355 420 1533 474 injuriis
1564 419 1832 471 damnisque

365 465 551 552 1:223&
581 485 786 533 certanti,
811 485 859 526 in
879 484 971 525 illis
990 485 1244 538 praesertim
1259 497 1362 537 quae
1384 485 1440 526 ad
1466 484 1572 526 vitae
1592 490 1832 537 statusque

366 560 445 617 ἓξὲξ
455 559 545 616 {dt-he
582 549 756 591 radices
791 550 986 592 securim
1037 562 1204 602 ponere
1244 550 1513 602 probabant.
1598 549 1735 590 Levis
1777 562 1834 589 ne

368 625 443 656 Pope
455 625 510 649 and
583 616 718 656 timor
732 615 821 656 dici
836 614 1003 668 poterit
1021 619 1101 656 aut
1117 626 1278 663 vanus,
1295 614 1372 666 qui
1390 627 1472 667 pro
1487 614 1618 655 nobis
1635 615 1675 655 si
1687 614 1835 668 potuit

368 657 522 686 Cardinale,

368 688 560 747 ggtfltfftslrefgth
583 679 929 734 conjunctorum
962 679 1092 720 nobis
1129 678 1373 720 illustrium
1410 678 1685 731 fortiumque
1726 692 1835 720 con-

369 753 571 779 thethroneof
584 745 753 786 stantia
799 745 938 786 corda
983 748 1242 793 concutere,
1279 743 1425 785 multo
1468 743 1631 785 fortius
1680 743 1836 785 debuit

370 787 485 813 Franco.

585 810 722 853 etiam
758 822 841 850 nos
874 814 1059 859 terrere,
1091 821 1205 862 quos
1237 807 1359 850 solos
1389 808 1692 862 periculorum
1728 822 1836 850 con-

584 879 720 929 cepta
764 874 996 916 molimina
1046 874 1415 916 concernebant‘?
1499 873 1697 926 Propter
1751 874 1838 916 hoc

583 940 724 992 igitur
736 939 841 994 jure
861 943 1036 981 naturae
1058 939 1274 988 dictante,
1287 938 1398 981 facti
1421 944 1514 980 tam
1537 939 1680 979 nostri
1698 952 1835 992 quam

584 1009 843 1046 nostrorum
868 1004 1058 1059 jurium,
1089 1017 1179 1045 non
1206 1003 1451 1046 voluntarii
1482 1003 1561 1045 sed
1593 1004 1836 1045 necessarii

584 1069 858 1119 defensores,
871 1082 926 1111 ac
944 1069 1212 1122 opportunis
1227 1069 1513 1111 cautionibus
1532 1069 1835 1118 attendentes,

580 1134 721 1188 juxta
754 1135 819 1175 rei
851 1134 1061 1176 militaris
1089 1133 1361 1175 documenta
1381 1134 1573 1186 probata
1592 1133 1837 1175 illustrium

584 1199 892 1251 antiquorum,
910 1199 1031 1252 quod
1059 1199 1278 1251 potentiae
1304 1210 1483 1250 magnae
1506 1198 1708 1250 pericula
1732 1211 1839 1240 con-

583 1263 758 1316 spirata
780 1264 1079 1317 periculosius
1109 1267 1450 1316 exspectantur,
1475 1263 1521 1304 in
1542 1263 1715 1304 laribus
1747 1264 1838 1304 illis

584 1341 729 1381 nuper
770 1328 1055 1370 currentibus
1098 1328 1156 1369 ad
1211 1332 1379 1369 nostrae
1430 1328 1547 1369 lucis
1589 1333 1636 1369 et
1674 1328 1838 1370 salutis

583 1405 796 1434 occasum
847 1394 1101 1437 consultius
1145 1394 1350 1435 venimus
1390 1393 1437 1436 in
1486 1405 1739 1442 occursum,
1783 1407 1840 1435 ne

584 1463 744 1500 contra
765 1471 848 1499 nos
865 1459 982 1500 forte
997 1459 1310 1500 discriminose
1337 1458 1647 1511 procederent,
1668 1458 1748 1500 sed
1768 1460 1838 1500 sui

585 1528 714 1564 ortus
741 1523 1098 1577 praefocarentur
1123 1523 1241 1573 loca,
1264 1536 1419 1564 eorum
1442 1523 1547 1565 freti
1579 1523 1768 1564 consilio
1791 1529 1838 1566 et

588 1589 763 1630 auxilio
792 1589 922 1630 nobis
953 1588 1124 1638 oblato,
1153 1601 1268 1641 quos
1303 1588 1433 1629 nobis
1465 1589 1838 1640 consanguinitas

588 1659 634 1695 et
661 1652 857 1695 affinitas
891 1654 1215 1708 conjungebat,
1246 1658 1293 1694 et
1324 1653 1383 1693 ad
1411 1665 1527 1705 quos
1546 1653 1680 1694 simul
1709 1666 1838 1707 spec-

588 1719 749 1760 tabant
790 1718 1024 1763 nobiscum
1058 1718 1270 1772 periculis
1313 1722 1479 1759 nostrae
1520 1718 1840 1760 destructionis

587 1795 840 1833 occurrere,
862 1783 1032 1836 illaque
1053 1783 1253 1825 consiliis
1277 1788 1323 1824 et
1346 1783 1530 1824 auxiliis
1551 1797 1836 1836 praecavere;

587 1853 809 1901 ponentes
840 1849 886 1889 in
915 1861 1053 1891 manu
1093 1848 1198 1897 Dei,
1236 1860 1373 1901 quam
1407 1848 1453 1888 in
1491 1849 1699 1889 manibus
1730 1861 1839 1902 apo-

586 1913 761 1954 stolicae
786 1913 906 1954 sedis
921 1918 1085 1955 vestrae
1103 1913 1175 1954 vel
1195 1913 1385 1954 aliorum
1409 1913 1627 1955 bonorum
1643 1914 1842 1956 virorum

586 1978 891 2019 communium
934 1991 1100 2031 ponere
1148 1978 1378 2031 quondam
1411 1977 1639 2019 voluimus
1670 1978 1840 2032 justifi-

586 2048 753 2093 catam,
779 2047 999 2095 quantum
1037 2044 1282 2096 potuimus,
1313 2056 1498 2085 causam
1536 2048 1755 2092 nostram,
1788 2049 1841 2086 ut

588 2107 711 2160 Ipse,
749 2112 923 2152 rectum
972 2121 1029 2149 ex
1079 2108 1173 2150 alto
1222 2108 1518 2161 prospiciens,
1570 2109 1840 2150 sententiam

580 2173 755 2226 justam
788 2173 920 2223 ferat,
942 2178 989 2218 et
1020 2174 1067 2217 in
1106 2173 1178 2214 sui
1205 2173 1348 2225 gladii
1369 2173 1540 2213 viribus
1570 2178 1838 2226 exequatur.

589 2238 705 2287 Nec,
735 2238 976 2287 credimus,
1011 2238 1131 2281 alme
1161 2243 1307 2290 pater,
1339 2237 1460 2290 quod
1492 2238 1664 2279 arbiter
1691 2239 1841 2292 quivis

586 2307 752 2351 rectus,
775 2303 850 2344 vel
881 2303 1017 2344 etiam
1042 2303 1187 2356 judex
1213 2303 1386 2356 justus,
1420 2303 1485 2344 sic
1519 2303 1841 2355 interpretetur

587 2372 668 2409 aut
720 2372 933 2421 torqueat
983 2373 1189 2410 nostrum
1230 2367 1420 2415 factum,
1472 2373 1524 2409 ut
1576 2368 1699 2420 quod
1755 2381 1840 2421 pro

586 2437 845 2474 nostrorum
863 2433 1055 2474 tuitione
1075 2437 1121 2474 et
1138 2432 1425 2475 assecutione
1441 2432 1631 2485 jurium,
1644 2433 1689 2473 in
1710 2437 1840 2475 tanto

584 2497 844 2539 discrimine
860 2503 1063 2542 nostram
1085 2497 1272 2541 fecimus
1294 2497 1351 2538 ad
1373 2496 1617 2546 defensam,
1634 2498 1840 2547 alterius,

584 2575 721 2614 quam
753 2575 842 2603 non
869 2562 1161 2611 intendimus,
1184 2575 1274 2603 non
1311 2561 1504 2614 agimus,
1527 2574 1609 2602 nec
1634 2574 1840 2614 agemuS,

581 2632 713 2678 putet
754 2626 965 2680 injuriam
1006 2626 1079 2668 vel
1114 2626 1344 2667 offensam.
1416 2626 1563 2668 Immo
1600 2627 1840 2677 credimus,

582 2697 628 2732 et
656 2691 767 2733 certi
798 2704 969 2741 sumuS,
993 2691 1114 2745 quod
1147 2691 1256 2732 facti
1290 2691 1433 2732 nostri
1467 2691 1658 2732 intentio
1693 2696 1841 2733 atten-

582 2756 729 2806 detur,
751 2762 798 2798 et
835 2757 960 2810 quid,
991 2757 1085 2806 ubi,
1113 2769 1166 2797 ac
1202 2760 1390 2810 propter
1423 2756 1532 2808 quid
1569 2756 1664 2805 fiat,
1685 2756 1839 2798 debita

2024 448 2038 520 dmm*
