2038 3306
360 410 478 437 Edward
491 410 515 436 1.

354 446 389 471 A.
401 445 435 470 D.
452 444 525 469 129⁶.

340 499 400 524 The
413 500 491 524 Scota

340 533 467 557 defeated

340 565 408 590 with
420 567 498 596 great

341 599 396 623 lons
408 600 443 629 by
454 599 505 624 the

341 632 407 657 Earl
420 631 451 656 of

342 665 466 690 Warren.

349 1859 469 1889 Capture
481 1857 512 1882 os

352 1891 466 1915 Dunbar

351 1924 452 1949 Castle.

553 283 636 324 104
1041 291 1203 322 canon
1212 291 1320 322 {CON

554 398 686 452 quasi
719 395 945 450 profunda
974 396 1249 449 penetravit.
1320 394 1409 436 Sed
1439 394 1622 436 tandem
1653 405 1811 434 ascen·

555 463 763 505 dentibus
799 461 967 502 nostris
1008 474 1065 502 ex
1101 460 1223 503 valle
1253 460 1496 515 profunda,
1529 464 1575 501 et
1609 459 1667 501 ad
1701 472 1811 500 con-

556 528 850 583 grediendum
877 526 1216 577 festinantibus,
1243 527 1481 568 confestim
1512 531 1558 567 et
1585 526 1674 579 ipsi
1703 538 1811 566 con-

556 596 798 642 ticuerunt,
813 593 1087 646 directisque
1106 592 1211 634 hinc
1229 598 1277 634 et
1296 593 1399 634 inde
1418 592 1616 639 aciebus,
1638 592 1813 644 absque

557 661 652 701 ulla
693 660 910 701 dilatione
940 664 1100 700 mutuo
1134 658 1367 712 congressi
1402 663 1526 706 sunt,
1561 657 1732 697 lanceis
1768 661 1822 698 et.

557 725 722 779 gladiis
750 725 952 766 vicissim
977 729 1282 774 occurrentes,
1309 731 1371 773 et,
1396 727 1446 764 ut
1467 723 1642 776 placuit
1666 721 1812 763 Altis·

557 793 687 842 simo,
709 803 815 832 mox
837 791 970 844 quasi
991 791 1039 832 in
1059 790 1217 844 primis
1237 789 1404 832 ictibus
1427 793 1560 842 terga
1582 791 1815 829 verterunt

559 858 698 907 scoti,
727 861 774 898 et
795 857 1152 911 insequebantur
1180 856 1327 898 nostri
1357 855 1586 897 caedentes
1606 859 1652 895 et
1671 853 1815 895 truci-

559 923 720 964 dantes
751 923 883 977 quasi
911 923 1063 977 spatio
1086 934 1170 964 vn.
1201 922 1434 963 leucarum
1463 921 1536 963 vel
1569 925 1690 970 octo,
1722 920 1815 961 fere

560 1002 704 1042 usque
736 989 793 1030 ad
830 988 1068 1030 Forestam
1101 988 1156 1029 de
1191 986 1432 1042 Selekyrk,
1463 986 1816 1039 cecideruntque

562 1068 620 1095 ex
645 1055 710 1096 eis
737 1055 916 1095 circiter
947 1055 1104 1096 decem
1125 1054 1283 1096 millia.
1329 1053 1463 1095 Unus
1492 1057 1646 1094 autem
1668 1064 1725 1093 ex
1749 1052 1815 1092 eis

562 1120 691 1161 miles
716 1119 1131 1170 ‘strenuissimus,'¹
1161 1120 1342 1161 nomine
1362 1119 1591 1161 Patricius
1616 1118 1671 1159 de
1696 1117 1816 1159 Gra-

562 1186 682 1235 ham,
706 1186 824 1227 inter
854 1186 1152 1239 sapientiores
1179 1186 1308 1237 regni
1336 1185 1460 1225 illius
1485 1184 1615 1237 quasi
1643 1184 1816 1237 primus

561 1256 607 1292 et
643 1252 763 1292 inter
802 1252 1082 1305 potentiores
1122 1251 1443 1300 nobilissimus,
1483 1263 1585 1291 cum
1624 1249 1818 1302 gloriam

561 1329 658 1358 suae
695 1316 844 1357 laudis
877 1317 1078 1358 minuere
1109 1316 1266 1366 nollet,
1306 1316 1466 1357 faciem
1505 1329 1596 1356 non
1635 1315 1819 1366 avertit,

561 1382 639 1423 sed
663 1382 855 1423 viriliter
885 1395 1028 1435 agens
1052 1394 1197 1436 usque
1221 1382 1279 1423 ad
1308 1387 1513 1431 mortem,
1537 1382 1584 1422 in
1606 1380 1695 1422 fine
1716 1386 1818 1423 tan-

563 1448 665 1488 dem
708 1448 879 1490 corruit
917 1448 1184 1490 interfectus
1219 1448 1402 1490 ibidem.
1488 1447 1703 1490 Collectis
1741 1447 1820 1489 de-

561 1527 685 1555 mum
728 1514 903 1567 spoliis,
942 1519 988 1556 et
1025 1515 1356 1556 revertentibus
1399 1514 1568 1555 nostris
1605 1513 1663 1554 ad
1699 1514 1821 1555 obsi-

562 1579 743 1621 dionem
780 1580 1097 1630 castrensium,
1129 1593 1234 1622 ecce
1272 1581 1615 1634 deponebantur
1646 1580 1822 1622 vexilla

563 1658 665 1698 quae
697 1650 857 1686 contra
884 1647 1060 1687 ruinam
1091 1659 1247 1688 eorum
1280 1647 1406 1700 prius
1442 1645 1742 1688 elevabantur
1771 1646 1818 1686 in

564 1711 724 1754 altum.
796 1711 987 1753 Confusi
1015 1713 1133 1753 enim
1160 1712 1344 1753 fuerant
1373 1716 1420 1753 et
1449 1704 1686 1753 conterriti
1715 1725 1818 1752 cum

565 1789 673 1818 suos
703 1781 748 1818 et
778 1781 907 1830 terga
938 1783 1114 1820 vertere
1142 1783 1188 1820 et
1219 1785 1398 1832 partem
1428 1778 1653 1819 corruisse
1679 1777 1820 1819 vidis-

565 1847 679 1883 sent.
749 1843 870 1896 Regi
906 1844 1087 1896 quidem
1126 1849 1282 1885 nostro
1311 1844 1359 1884 in
1389 1844 1587 1885 crastino
1623 1844 1822 1885 venienti

565 1908 860 1950 reddiderunt
901 1915 1116 1959 castrum,
1151 1914 1375 1963 ponentes
1417 1910 1464 1950 in
1501 1922 1639 1950 manu
1678 1910 1823 1963 ipsius

567 1974 711 2015 vitam
736 1980 782 2016 et
808 1976 1023 2018 membra.
1113 1975 1278 2017 Noluit
1301 1977 1421 2017 enim
1445 1989 1526 2017 rex
1553 1976 1694 2018 ullam
1716 1989 1823 2017 con-

567 2039 783 2081 ditionem
827 2053 1073 2093 apponere,
1125 2055 1273 2094 neque
1318 2042 1515 2094 gratiam
1558 2042 1824 2095 promittere

567 2118 625 2146 ex
655 2110 791 2158 pacto
823 2111 1009 2148 certam.
1081 2107 1284 2148 Nomina
1318 2121 1476 2149 eorum
1508 2108 1586 2161 qui
1618 2108 1825 2160 captiva-

566 2171 734 2212 bantur
765 2176 895 2213 erant
920 2173 1034 2214 ista:
1086 2172 1346 2214 Willelmus
1381 2186 1531 2215 comes
1563 2174 1620 2215 de
1660 2173 1827 2224 Rosse,

566 2236 827 2279 Willelmus
886 2251 1038 2281 comes
1100 2239 1155 2280 de
1216 2237 1506 2289 ‘Asthelle,’²
1560 2238 1828 2281 Alexander

567 2316 717 2344 comes
757 2303 814 2344 de
853 2303 1105 2347 Meneteth.
1175 2304 1295 2347 Item
1335 2306 1546 2356 baroneS,
1589 2305 1826 2347 Johannes

567 2369 687 2409 filius
730 2369 958 2411 Johannis
1003 2369 1197 2424 Comyn,
1238 2370 1499 2413 Willelmus
1553 2370 1609 2412 de
1656 2371 1826 2413 Sancto

569 2434 718 2483 Claro,
757 2435 984 2477 Ricardus
1020 2436 1227 2490 Syward,
1265 2437 1502 2478 Johannes
1542 2436 1662 2477 filius
1703 2436 1827 2478 Gau-

566 2500 672 2541 fridi
701 2501 757 2541 de
789 2500 1020 2543 Moubrai.
1083 2501 1199 2543 Cum
1231 2502 1331 2543 istis
1364 2503 1500 2544 etiam
1536 2503 1827 2555 magnatibus

567 2566 740 2607 inventi
770 2572 877 2608 sunt
901 2572 948 2609 et
968 2568 1092 2621 capti
1120 2568 1311 2620 triginta
1334 2581 1451 2609 unus
1472 2568 1655 2617 milites,
1686 2572 1731 2609 et
1756 2581 1828 2609 ar-

571 2632 731 2684 migeri
775 2637 973 2683 centum,
1014 2638 1059 2675 et
1103 2633 1194 2675 duo
1235 2634 1403 2684 clerici,
1442 2634 1618 2676 scilicet
1653 2633 1683 2675 J
1689 2634 1830 2675 ohan-

618 2778 627 2798 ¹
654 2783 662 2797 ‘
674 2780 849 2823 strenuus}
868 2784 941 2815 MS.
957 2783 1043 2816 Coll.
1060 2784 1153 2816 Arm.
1264 2782 1277 2800 ²
1298 2785 1307 2802 ‘
1322 2784 1518 2825 Asshet011,’
1535 2785 1609 2816 MS.
1627 2784 1715 2817 Cott.
1731 2786 1807 2818 Tib.
