2038 3306
500 300 727 332 WAL'PERI
761 300 822 330 DE
854 301 1232 332 HEMINGBURGH.
1410 292 1495 333 103

228 404 346 444 citus
391 404 516 446 misit
558 404 725 446 ibidem
770 418 874 446 cum
917 406 1083 448 comite
1129 406 1186 448 de
1225 405 1493 456 Warenna,¹

177 483 179 485 ·
229 467 371 511 mille²
405 470 580 512 scilicet
613 475 818 512 armatos
859 473 1052 525 equites,
1095 477 1140 514 et
1175 472 1380 527 peditum
1415 472 1493 514 de-

228 549 327 577 cem
367 537 524 579 millia.
607 537 679 579 De
725 538 932 580 exercitu
977 540 1117 580 etiam
1164 537 1492 580 Dunolmensis

228 602 432 656 episcopi
461 608 646 645 centum
677 605 844 646 armati
873 605 1188 648 mittebantur.
1264 604 1358 656 Qui
1387 618 1491 647 cum

227 669 514 712 obsedissent
557 675 776 722 castrum,
821 672 981 725 paucis
1024 677 1177 713 tamen
1223 672 1400 722 diebus,
1445 678 1493 714 et

228 737 398 777 mutuis
438 750 487 778 se
529 737 634 778 telis
678 742 724 779 et
765 737 1013 779 insultibus
1056 739 1338 788 visitassent,
1382 739 1492 779 novi

228 807 484 844 castrenses
517 804 720 854 attoniti,
751 809 1034 857 rogaverunt
1063 809 1114 845 ut
1153 816 1371 845 concesso
1407 805 1490 846 tri-

226 868 316 909 duo
356 869 515 911 liceret
547 870 612 910 eis
651 882 803 922 regem
838 882 971 910 suum
1006 874 1239 923 expetere,
1275 871 1360 911 sub
1397 883 1490 924 qua

226 935 486 976 conditione
514 947 564 976 se
594 935 703 976 dare
734 935 951 976 deberent
981 940 1027 977 et
1053 941 1253 977 castrum
1286 935 1488 978 reddere.

227 999 332 1051 Quo
365 1013 598 1051 concesso,
623 1006 669 1043 et
701 1001 852 1042 missis
885 1002 1079 1052 nunciis,
1100 1014 1204 1043 ecce
1233 1001 1304 1042 die
1336 1002 1489 1051 tertio,

225 1067 304 1119 qui
333 1072 434 1108 erat
464 1067 561 1109 dies
584 1067 796 1117 Veneris,
823 1081 851 1109 a
872 1074 1067 1121 captura
1098 1067 1154 1109 de
1187 1066 1414 1122 Berewyk
1440 1068 1489 1109 in

226 1138 319 1174 tres
351 1133 647 1184 ebdomadas,
678 1135 805 1176 venit
841 1135 1072 1177 exercitus
1108 1134 1280 1176 multus
1315 1147 1344 1175 a
1380 1147 1488 1187 rege

226 1199 467 1242 Scotorum
493 1201 675 1250 missus,
699 1201 823 1242 mille
844 1201 1083 1254 quingenti
1115 1198 1419 1254 equitantium
1443 1205 1488 1242 et

227 1276 307 1307 XL.
339 1266 484 1308 millia
522 1267 742 1320 peditum,
777 1280 860 1321 per
894 1267 1062 1308 clivum
1097 1268 1264 1308 montis
1300 1267 1487 1308 descen-

224 1332 335 1374 dens
379 1346 438 1374 ex
480 1334 692 1387 opposito
738 1333 794 1374 de
841 1333 1050 1383 Dunbar,
1096 1339 1385 1387 praeparatus
1430 1333 1488 1374 ad

224 1399 394 1440 bellum
435 1413 517 1453 per
555 1405 730 1441 turmas
768 1412 890 1441 suas.
960 1398 1097 1451 Quod
1130 1413 1231 1441 cum
1269 1399 1491 1441 vidissent

226 1466 333 1506 novi
380 1471 655 1516 castrenses,
700 1471 746 1507 et
790 1480 847 1507 ex
896 1466 1074 1507 visione
1125 1467 1209 1508 tali
1247 1466 1347 1520 jam
1393 1465 1490 1507 laeti

225 1531 388 1581 effecti,
409 1545 519 1573 mox
551 1545 708 1573 eorum
738 1532 911 1574 vexilla
929 1533 976 1572 in
1000 1532 1359 1586 propugnaculis
1390 1545 1490 1574 cas-

224 1598 284 1638 tri
308 1603 569 1648 erexerunt,
600 1599 853 1640 clamantes
884 1598 940 1639 ad
978 1603 1160 1640 nostros
1193 1603 1239 1640 et
1272 1611 1350 1639 eos
1382 1611 1489 1651 pro-

222 1665 357 1705 brose
390 1670 607 1706 vocantes
639 1677 776 1706 canes
805 1665 1026 1706 caudatos
1057 1669 1103 1721 et
1131 1665 1244 1706 talia
1277 1677 1489 1718 quaeque,

222 1731 409 1784 insuper
452 1732 782 1773 comminantes
822 1731 869 1772 in
912 1736 1104 1772 mortem
1149 1737 1196 1772 et
1240 1730 1490 1772 caudarum

223 1798 539 1839 abscisionem.
591 1798 725 1839 Tunc
746 1796 967 1839 ‘comes’⁸
988 1797 1044 1839 de
1065 1797 1316 1847 Warenna,
1341 1797 1490 1850 assig-

224 1864 344 1905 natis
377 1865 532 1918 pueris
570 1869 836 1918 magnatum
868 1864 948 1917 qui
987 1877 1089 1905 cum
1121 1877 1174 1906 eo
1219 1869 1352 1905 erant
1385 1876 1490 1905 cum

224 1931 496 1984 quibusdam
539 1932 729 1972 armatis
775 1930 834 1972 ad
874 1930 1155 1972 obsidionem
1196 1930 1338 1972 castri
1381 1943 1490 1971 con-

226 1996 494 2039 tinuandam
522 2011 579 2039 ne
606 1998 762 2039 hostes
794 1997 991 2046 exirent,
1021 1997 1119 2050 ipse
1149 2010 1253 2038 cum
1284 1997 1491 2037 exercitu

224 2063 407 2105 residuo
443 2064 647 2107 animose
687 2064 912 2117 processit
949 2063 1006 2104 ad
1038 2063 1211 2104 hostes.
1283 2062 1491 2114 Cumque

222 2134 376 2170 noster
399 2131 631 2171 exercitus
661 2130 707 2170 in
731 2130 899 2171 vallem
932 2129 1248 2170 descendendo
1271 2133 1317 2169 et
1338 2134 1489 2169 trans-

224 2196 373 2237 eundo
406 2196 760 2249 circumquaque
796 2209 845 2236 se
876 2195 1164 2245 diffunderet,
1196 2198 1249 2235 ut
1279 2194 1345 2235 sic
1378 2193 1490 2235 saci-

223 2261 313 2302 lius
365 2262 621 2315 meliusque
673 2266 941 2315 properaret
992 2266 1151 2302 mutuo
1206 2261 1490 2314 congressui,

224 2328 470 2369 credebant
509 2328 634 2369 Scoti
672 2332 854 2369 nostros
894 2328 941 2368 in
979 2327 1066 2368 hoc
1099 2327 1256 2380 fugam
1295 2327 1410 2367 inire
1445 2330 1492 2368 et

223 2399 357 2447 terga
377 2400 573 2444 vertere,
597 2398 643 2436 et
663 2394 1013 2435 conclamabant
1034 2393 1080 2434 in
1104 2398 1296 2434 mortem
1318 2405 1491 2443 eorum,

225 2459 586 2502 ‘insufflantes’4
621 2461 834 2503 cornibus
863 2465 909 2501 et
938 2464 1208 2501 resonantes
1241 2459 1493 2500 ululatibus

223 2527 269 2567 in
292 2531 470 2568 tantum
492 2527 614 2581 quod
644 2526 860 2568 terribilis
885 2526 1063 2568 sonitus
1088 2538 1306 2567 cornuum
1329 2525 1495 2566 inferni

274 2677 282 2696 ¹
306 2678 397 2710 John
430 2678 667 2718 Phntagenet,
700 2678 781 2708 Earl
812 2677 850 2708 of
879 2677 956 2707 who
983 2679 1087 2708 states
1123 2676 1195 2707 that
1220 2676 1276 2707 the
1303 2685 1396 2715 army
1423 2685 1496 2708 was

223 2725 365 2756 Warren
381 2725 447 2756 and
464 2725 600 2764 Surrey.
879 2723 1079 2762 dispatched
1095 2733 1138 2754 on
1153 2723 1209 2754 the
1225 2722 1305 2754 24th
1321 2722 1358 2753 of
1369 2722 1481 2762 April.

271 2770 285 2789 ‘⁴'
304 2772 387 2802 Two
407 2771 588 2810 thousand,
604 2771 786 2810 according
810 2773 843 2801 to
926 2768 938 2787 ³
963 2770 1112 2800 Omitted
1131 2769 1165 2799 in
1182 2769 1257 2801 MS.
1273 2768 1359 2801 coll.
1376 2769 1472 2800 Arm.

226 2818 391 2849 Matthew
406 2818 443 2849 of
455 2818 699 2857 westminster,
718 2828 751 2857 p.
769 2819 845 2856 42⁷,
927 2815 939 2833 ⁴
962 2815 1223 2856 ‘exsufflantes‚’
1236 2815 1310 2847 Ms.
1322 2815 1412 2847 Oott.
1421 2815 1497 2847 Tib.

1530 417 1649 443 Edward
1664 418 1689 444 1·

1525 451 1559 477 A.
1571 452 1607 477 D.
1621 452 1696 476 1296.
