<?xml version="1.0" encoding="UTF-8"?>
<!DOCTYPE html PUBLIC "-//W3C//DTD XHTML 1.0 Transitional//EN"
    "http://www.w3.org/TR/xhtml1/DTD/xhtml1-transitional.dtd">
<html xmlns="http://www.w3.org/1999/xhtml" xml:lang="en" lang="en">
 <head>
  <title>
</title>
<meta http-equiv="Content-Type" content="text/html;charset=utf-8" />
  <meta name='ocr-system' content='tesseract 3.04.00' />
  <meta name='ocr-capabilities' content='ocr_page ocr_carea ocr_par ocr_line ocrx_word'/>
</head>
<body>
  <div class='ocr_page' id='page_1' title='image "./chronicondominiw02hemiuoft/chronicondominiw02hemiuoft_0287.png"; bbox 0 0 2038 3306; ppageno 0'>
   <div class='ocr_carea' id='block_1_1' title="bbox 501 295 1484 337">
    <p class='ocr_par' dir='ltr' id='par_1_1' title="bbox 501 295 1484 337">
     <span class='ocr_line' id='line_1_1' title="bbox 501 295 1484 337; baseline 0.003 -3"><span class='ocrx_word' id='word_1_1' title='bbox 501 299 731 334; x_wconf 75' lang='lat' dir='ltr'><strong>wAL&#39;rssssr&#39;</strong></span> <span class='ocrx_word' id='word_1_2' title='bbox 762 303 823 334; x_wconf 83' lang='lat' dir='ltr'><strong>DE</strong></span> <span class='ocrx_word' id='word_1_3' title='bbox 854 304 1227 336; x_wconf 65' lang='lat' dir='ltr'><strong>HEMJNGBURGH.</strong></span> <span class='ocrx_word' id='word_1_4' title='bbox 1397 295 1484 337; x_wconf 78' lang='lat'><strong>273</strong></span> 
     </span>
    </p>
   </div>
   <div class='ocr_carea' id='block_1_2' title="bbox 218 405 1686 462">
    <p class='ocr_par' dir='ltr' id='par_1_2' title="bbox 218 405 1686 462">
     <span class='ocr_line' id='line_1_2' title="bbox 218 405 1686 462; baseline 0 -16"><span class='ocrx_word' id='word_1_5' title='bbox 218 405 422 448; x_wconf 87' lang='lat' dir='ltr'><strong>Petrum.</strong></span> <span class='ocrx_word' id='word_1_6' title='bbox 499 406 731 461; x_wconf 88' lang='lat' dir='ltr'><strong>Deditque</strong></span> <span class='ocrx_word' id='word_1_7' title='bbox 772 408 830 458; x_wconf 92' lang='lat' dir='ltr'><strong>ei,</strong></span> <span class='ocrx_word' id='word_1_8' title='bbox 868 408 1140 462; x_wconf 84' lang='lat' dir='ltr'><strong>irrequisitis</strong></span> <span class='ocrx_word' id='word_1_9' title='bbox 1190 406 1482 460; x_wconf 83' lang='lat' dir='ltr'><strong>magnatibus</strong></span> <span class='ocrx_word' id='word_1_10' title='bbox 1514 421 1686 446; x_wconf 70' lang='lat' dir='ltr'><strong>numan.</strong></span> 
     </span>
    </p>
   </div>
   <div class='ocr_carea' id='block_1_3' title="bbox 213 455 1685 606">
    <p class='ocr_par' dir='ltr' id='par_1_3' title="bbox 213 455 1685 606">
     <span class='ocr_line' id='line_1_3' title="bbox 275 455 1685 483; baseline -0.001 -3"><span class='ocrx_word' id='word_1_11' title='bbox 275 472 285 480; x_wconf 88' lang='lat'><strong>.</strong></span> <span class='ocrx_word' id='word_1_12' title='bbox 474 472 484 481; x_wconf 83' lang='grc'><strong>.</strong></span> <span class='ocrx_word' id='word_1_13' title='bbox 875 474 884 483; x_wconf 88' lang='grc'><strong>.</strong></span> <span class='ocrx_word' id='word_1_14' title='bbox 1298 474 1307 482; x_wconf 91' lang='grc'><strong>.</strong></span> <span class='ocrx_word' id='word_1_15' title='bbox 1517 455 1594 480; x_wconf 77' lang='lat' dir='ltr'><strong>A.D.</strong></span> <span class='ocrx_word' id='word_1_16' title='bbox 1612 455 1685 480; x_wconf 82' lang='grc'><strong>1307.</strong></span> 
     </span>
     <span class='ocr_line' id='line_1_4' title="bbox 214 473 1678 539; baseline 0.001 -27"><span class='ocrx_word' id='word_1_17' title='bbox 214 484 326 522; x_wconf 84' lang='lat' dir='ltr'><strong>suls,</strong></span> <span class='ocrx_word' id='word_1_18' title='bbox 368 476 638 514; x_wconf 80' lang='lat' dir='ltr'><strong>comitatum</strong></span> <span class='ocrx_word' id='word_1_19' title='bbox 685 473 977 524; x_wconf 57' lang='lat' dir='ltr'><strong>Comubme&#39;</strong></span> <span class='ocrx_word' id='word_1_20' title='bbox 1012 479 1060 515; x_wconf 91' lang='lat' dir='ltr'><strong>et</strong></span> <span class='ocrx_word' id='word_1_21' title='bbox 1102 473 1333 515; x_wconf 77' lang='lat' dir='ltr'><strong>exaltavit</strong></span> <span class='ocrx_word' id='word_1_22' title='bbox 1377 486 1481 514; x_wconf 91' lang='lat' dir='ltr'><strong>eum</strong></span> <span class='ocrx_word' id='word_1_23' title='bbox 1498 491 1678 539; x_wconf 34' lang='lat'><strong>3533&amp;</strong></span> 
     </span>
     <span class='ocr_line' id='line_1_5' title="bbox 213 538 1644 606; baseline 0.001 -28"><span class='ocrx_word' id='word_1_24' title='bbox 213 549 354 591; x_wconf 87' lang='lat' dir='ltr'><strong>supra</strong></span> <span class='ocrx_word' id='word_1_25' title='bbox 376 551 534 580; x_wconf 88' lang='lat' dir='ltr'><strong>omnes</strong></span> <span class='ocrx_word' id='word_1_26' title='bbox 564 539 846 594; x_wconf 90' lang='lat' dir='ltr'><strong>propinquos</strong></span> <span class='ocrx_word' id='word_1_27' title='bbox 868 540 968 594; x_wconf 90' lang='lat' dir='ltr'><strong>ejus</strong></span> <span class='ocrx_word' id='word_1_28' title='bbox 1001 545 1048 581; x_wconf 89' lang='lat' dir='ltr'><strong>et</strong></span> <span class='ocrx_word' id='word_1_29' title='bbox 1078 544 1309 593; x_wconf 85' lang='lat' dir='ltr'><strong>parentes.</strong></span> <span class='ocrx_word' id='word_1_30' title='bbox 1371 538 1480 593; x_wconf 90' lang='lat' dir='ltr'><strong>Ipse</strong></span> <span class='ocrx_word' id='word_1_31' title='bbox 1497 547 1644 606; x_wconf 44' lang='lat'><strong>3332„-</strong></span> 
     </span>
    </p>
   </div>
   <div class='ocr_carea' id='block_1_4' title="bbox 201 603 1686 2436">
    <p class='ocr_par' dir='ltr' id='par_1_4' title="bbox 211 603 1476 659">
     <span class='ocr_line' id='line_1_6' title="bbox 211 603 1476 659; baseline 0.002 -15"><span class='ocrx_word' id='word_1_32' title='bbox 211 615 323 644; x_wconf 85' lang='lat' dir='ltr'><strong>vero</strong></span> <span class='ocrx_word' id='word_1_33' title='bbox 344 603 511 646; x_wconf 88' lang='lat' dir='ltr'><strong>Petrus</strong></span> <span class='ocrx_word' id='word_1_34' title='bbox 532 605 599 646; x_wconf 87' lang='lat' dir='ltr'><strong>sic</strong></span> <span class='ocrx_word' id='word_1_35' title='bbox 630 606 838 647; x_wconf 88' lang='lat' dir='ltr'><strong>elevatus</strong></span> <span class='ocrx_word' id='word_1_36' title='bbox 865 619 1007 659; x_wconf 88' lang='lat' dir='ltr'><strong>supra</strong></span> <span class='ocrx_word' id='word_1_37' title='bbox 1036 619 1086 646; x_wconf 89' lang='lat' dir='ltr'><strong>se</strong></span> <span class='ocrx_word' id='word_1_38' title='bbox 1106 605 1319 658; x_wconf 81' lang='lat' dir='ltr'><strong>despexit</strong></span> <span class='ocrx_word' id='word_1_39' title='bbox 1341 604 1476 655; x_wconf 89' lang='lat' dir='ltr'><strong>alios,</strong></span> 
     </span>
    </p>

    <p class='ocr_par' dir='ltr' id='par_1_5' title="bbox 209 670 1477 725">
     <span class='ocr_line' id='line_1_7' title="bbox 209 670 1477 725; baseline 0.001 -15"><span class='ocrx_word' id='word_1_40' title='bbox 209 673 258 710; x_wconf 91' lang='lat' dir='ltr'><strong>et</strong></span> <span class='ocrx_word' id='word_1_41' title='bbox 278 670 324 711; x_wconf 91' lang='lat' dir='ltr'><strong>in</strong></span> <span class='ocrx_word' id='word_1_42' title='bbox 346 670 435 711; x_wconf 87' lang='lat' dir='ltr'><strong>fine</strong></span> <span class='ocrx_word' id='word_1_43' title='bbox 457 670 698 724; x_wconf 87' lang='lat' dir='ltr'><strong>despectus</strong></span> <span class='ocrx_word' id='word_1_44' title='bbox 719 678 808 713; x_wconf 90' lang='lat' dir='ltr'><strong>est.</strong></span> <span class='ocrx_word' id='word_1_45' title='bbox 881 671 1089 725; x_wconf 88' lang='lat' dir='ltr'><strong>Cumque</strong></span> <span class='ocrx_word' id='word_1_46' title='bbox 1113 671 1357 712; x_wconf 86' lang='lat' dir='ltr'><strong>duceretur</strong></span> <span class='ocrx_word' id='word_1_47' title='bbox 1376 683 1477 712; x_wconf 90' lang='lat' dir='ltr'><strong>cor-</strong></span> 
     </span>
    </p>

    <p class='ocr_par' dir='ltr' id='par_1_6' title="bbox 209 736 1478 856">
     <span class='ocr_line' id='line_1_8' title="bbox 210 736 1478 791; baseline 0.003 -15"><span class='ocrx_word' id='word_1_48' title='bbox 210 747 298 788; x_wconf 90' lang='lat' dir='ltr'><strong>pus</strong></span> <span class='ocrx_word' id='word_1_49' title='bbox 331 736 452 789; x_wconf 85' lang='lat' dir='ltr'><strong>regis</strong></span> <span class='ocrx_word' id='word_1_50' title='bbox 482 738 650 778; x_wconf 89' lang='lat' dir='ltr'><strong>mortui</strong></span> <span class='ocrx_word' id='word_1_51' title='bbox 679 750 708 779; x_wconf 89' lang='lat' dir='ltr'><strong>a</strong></span> <span class='ocrx_word' id='word_1_52' title='bbox 736 738 839 779; x_wconf 89' lang='lat' dir='ltr'><strong>loco</strong></span> <span class='ocrx_word' id='word_1_53' title='bbox 860 750 952 791; x_wconf 92' lang='lat' dir='ltr'><strong>quo</strong></span> <span class='ocrx_word' id='word_1_54' title='bbox 973 737 1086 778; x_wconf 91' lang='lat' dir='ltr'><strong>obiit</strong></span> <span class='ocrx_word' id='word_1_55' title='bbox 1108 737 1166 778; x_wconf 87' lang='lat' dir='ltr'><strong>ad</strong></span> <span class='ocrx_word' id='word_1_56' title='bbox 1199 741 1353 790; x_wconf 87' lang='lat' dir='ltr'><strong>partes</strong></span> <span class='ocrx_word' id='word_1_57' title='bbox 1374 749 1478 780; x_wconf 82' lang='lat' dir='ltr'><strong>aus-</strong></span> 
     </span>
     <span class='ocr_line' id='line_1_9' title="bbox 209 801 1476 856; baseline 0.002 -14"><span class='ocrx_word' id='word_1_58' title='bbox 209 801 351 843; x_wconf 90' lang='lat' dir='ltr'><strong>trales</strong></span> <span class='ocrx_word' id='word_1_59' title='bbox 374 814 456 855; x_wconf 88' lang='lat' dir='ltr'><strong>per</strong></span> <span class='ocrx_word' id='word_1_60' title='bbox 490 802 693 844; x_wconf 90' lang='lat' dir='ltr'><strong>modicas</strong></span> <span class='ocrx_word' id='word_1_61' title='bbox 725 803 890 852; x_wconf 90' lang='lat' dir='ltr'><strong>dietas,</strong></span> <span class='ocrx_word' id='word_1_62' title='bbox 923 803 1021 856; x_wconf 92' lang='lat' dir='ltr'><strong>ipse</strong></span> <span class='ocrx_word' id='word_1_63' title='bbox 1056 802 1178 844; x_wconf 90' lang='lat' dir='ltr'><strong>filius</strong></span> <span class='ocrx_word' id='word_1_64' title='bbox 1209 815 1357 843; x_wconf 87' lang='lat' dir='ltr'><strong>novus</strong></span> <span class='ocrx_word' id='word_1_65' title='bbox 1393 815 1476 844; x_wconf 82' lang='lat' dir='ltr'><strong>rex</strong></span> 
     </span>
    </p>

    <p class='ocr_par' dir='ltr' id='par_1_7' title="bbox 209 867 1476 922">
     <span class='ocr_line' id='line_1_10' title="bbox 209 867 1476 922; baseline 0.001 -15"><span class='ocrx_word' id='word_1_66' title='bbox 209 879 312 908; x_wconf 91' lang='lat' dir='ltr'><strong>cum</strong></span> <span class='ocrx_word' id='word_1_67' title='bbox 335 867 518 909; x_wconf 91' lang='lat' dir='ltr'><strong>domino</strong></span> <span class='ocrx_word' id='word_1_68' title='bbox 541 867 681 909; x_wconf 90' lang='lat' dir='ltr'><strong>Petro</strong></span> <span class='ocrx_word' id='word_1_69' title='bbox 712 869 948 922; x_wconf 75' lang='lat' dir='ltr'><strong>praecessit</strong></span> <span class='ocrx_word' id='word_1_70' title='bbox 976 880 1005 908; x_wconf 90' lang='lat' dir='ltr'><strong>a</strong></span> <span class='ocrx_word' id='word_1_71' title='bbox 1025 867 1175 920; x_wconf 87' lang='lat' dir='ltr'><strong>longe.</strong></span> <span class='ocrx_word' id='word_1_72' title='bbox 1246 867 1476 909; x_wconf 86' lang='lat' dir='ltr'><strong>Dominus</strong></span> 
     </span>
    </p>

    <p class='ocr_par' dir='ltr' id='par_1_8' title="bbox 208 932 1474 987">
     <span class='ocr_line' id='line_1_11' title="bbox 208 932 1474 987; baseline 0.001 -14"><span class='ocrx_word' id='word_1_73' title='bbox 208 945 319 973; x_wconf 88' lang='lat' dir='ltr'><strong>vero</strong></span> <span class='ocrx_word' id='word_1_74' title='bbox 356 932 668 974; x_wconf 83' lang='lat' dir='ltr'><strong>thesaurarius</strong></span> <span class='ocrx_word' id='word_1_75' title='bbox 706 934 949 987; x_wconf 84' lang='lat' dir='ltr'><strong>episcopus</strong></span> <span class='ocrx_word' id='word_1_76' title='bbox 986 932 1180 975; x_wconf 85' lang='lat' dir='ltr'><strong>Cestriae</strong></span> <span class='ocrx_word' id='word_1_77' title='bbox 1224 933 1474 986; x_wconf 82' lang='lat' dir='ltr'><strong>praedictus</strong></span> 
     </span>
    </p>

    <p class='ocr_par' dir='ltr' id='par_1_9' title="bbox 201 997 1686 1777">
     <span class='ocr_line' id='line_1_12' title="bbox 207 997 1474 1053; baseline 0.002 -15"><span class='ocrx_word' id='word_1_78' title='bbox 207 997 317 1039; x_wconf 83' lang='lat' dir='ltr'><strong>fecit</strong></span> <span class='ocrx_word' id='word_1_79' title='bbox 346 999 611 1040; x_wconf 85' lang='lat' dir='ltr'><strong>comitivam</strong></span> <span class='ocrx_word' id='word_1_80' title='bbox 642 1000 823 1053; x_wconf 85' lang='lat' dir='ltr'><strong>corpori</strong></span> <span class='ocrx_word' id='word_1_81' title='bbox 854 999 976 1052; x_wconf 84' lang='lat' dir='ltr'><strong>regis</strong></span> <span class='ocrx_word' id='word_1_82' title='bbox 1008 999 1192 1048; x_wconf 88' lang='lat' dir='ltr'><strong>mortui,</strong></span> <span class='ocrx_word' id='word_1_83' title='bbox 1217 1003 1264 1040; x_wconf 91' lang='lat' dir='ltr'><strong>et</strong></span> <span class='ocrx_word' id='word_1_84' title='bbox 1294 1011 1474 1040; x_wconf 89' lang='lat' dir='ltr'><strong>omnem</strong></span> 
     </span>
     <span class='ocr_line' id='line_1_13' title="bbox 208 1063 1474 1118; baseline 0.001 -14"><span class='ocrx_word' id='word_1_85' title='bbox 208 1063 426 1105; x_wconf 90' lang='lat' dir='ltr'><strong>honorem</strong></span> <span class='ocrx_word' id='word_1_86' title='bbox 442 1077 576 1118; x_wconf 90' lang='lat' dir='ltr'><strong>quem</strong></span> <span class='ocrx_word' id='word_1_87' title='bbox 596 1066 748 1118; x_wconf 84' lang='lat' dir='ltr'><strong>potuit</strong></span> <span class='ocrx_word' id='word_1_88' title='bbox 766 1065 912 1106; x_wconf 88' lang='lat' dir='ltr'><strong>eidem</strong></span> <span class='ocrx_word' id='word_1_89' title='bbox 931 1064 1196 1106; x_wconf 82' lang='lat' dir='ltr'><strong>exhibebat.</strong></span> <span class='ocrx_word' id='word_1_90' title='bbox 1266 1063 1474 1118; x_wconf 89' lang='lat' dir='ltr'><strong>Cumque</strong></span> 
     </span>
     <span class='ocr_line' id='line_1_14' title="bbox 207 1130 1637 1186; baseline -0.002 -15"><span class='ocrx_word' id='word_1_91' title='bbox 207 1130 410 1172; x_wconf 84' lang='lat' dir='ltr'><strong>venisset</strong></span> <span class='ocrx_word' id='word_1_92' title='bbox 427 1131 550 1185; x_wconf 89' lang='lat' dir='ltr'><strong>apud</strong></span> <span class='ocrx_word' id='word_1_93' title='bbox 570 1131 807 1173; x_wconf 85' lang='lat' dir='ltr'><strong>Waltham</strong></span> <span class='ocrx_word' id='word_1_94' title='bbox 824 1132 966 1186; x_wconf 87' lang='lat' dir='ltr'><strong>juxta</strong></span> <span class='ocrx_word' id='word_1_95' title='bbox 987 1130 1267 1180; x_wconf 82' lang='lat' dir='ltr'><strong>LondoniaS,</strong></span> <span class='ocrx_word' id='word_1_96' title='bbox 1284 1135 1330 1172; x_wconf 91' lang='lat' dir='ltr'><strong>et</strong></span> <span class='ocrx_word' id='word_1_97' title='bbox 1353 1136 1473 1173; x_wconf 90' lang='lat' dir='ltr'><strong>esset</strong></span> <span class='ocrx_word' id='word_1_98' title='bbox 1490 1143 1551 1168; x_wconf 72' lang='lat' dir='ltr'><strong>The</strong></span> <span class='ocrx_word' id='word_1_99' title='bbox 1565 1143 1637 1169; x_wconf 71' lang='lat' dir='ltr'><strong>Lora</strong></span> 
     </span>
     <span class='ocr_line' id='line_1_15' title="bbox 206 1177 1654 1250; baseline -0.001 -14"><span class='ocrx_word' id='word_1_100' title='bbox 206 1208 310 1237; x_wconf 90' lang='lat' dir='ltr'><strong>cum</strong></span> <span class='ocrx_word' id='word_1_101' title='bbox 333 1209 538 1250; x_wconf 88' lang='lat' dir='ltr'><strong>corpore,</strong></span> <span class='ocrx_word' id='word_1_102' title='bbox 559 1210 641 1238; x_wconf 89' lang='lat' dir='ltr'><strong>rex</strong></span> <span class='ocrx_word' id='word_1_103' title='bbox 673 1210 820 1239; x_wconf 91' lang='lat' dir='ltr'><strong>novus</strong></span> <span class='ocrx_word' id='word_1_104' title='bbox 844 1203 891 1239; x_wconf 91' lang='lat' dir='ltr'><strong>et</strong></span> <span class='ocrx_word' id='word_1_105' title='bbox 920 1196 1132 1238; x_wconf 93' lang='lat' dir='ltr'><strong>dominus</strong></span> <span class='ocrx_word' id='word_1_106' title='bbox 1160 1196 1330 1237; x_wconf 87' lang='lat' dir='ltr'><strong>Petrus</strong></span> <span class='ocrx_word' id='word_1_107' title='bbox 1362 1210 1471 1238; x_wconf 88' lang='lat' dir='ltr'><strong>con·</strong></span> <span class='ocrx_word' id='word_1_108' title='bbox 1489 1177 1654 1235; x_wconf 47' lang='lat' dir='ltr'><strong>griffi&amp;</strong></span> 
     </span>
     <span class='ocr_line' id='line_1_16' title="bbox 201 1244 1686 1317; baseline 0.001 -15"><span class='ocrx_word' id='word_1_109' title='bbox 201 1261 478 1315; x_wconf 88' lang='lat' dir='ltr'><strong>juraverunt</strong></span> <span class='ocrx_word' id='word_1_110' title='bbox 502 1268 662 1305; x_wconf 90' lang='lat' dir='ltr'><strong>contra</strong></span> <span class='ocrx_word' id='word_1_111' title='bbox 681 1276 801 1313; x_wconf 89' lang='lat' dir='ltr'><strong>eum,</strong></span> <span class='ocrx_word' id='word_1_112' title='bbox 818 1276 901 1317; x_wconf 91' lang='lat' dir='ltr'><strong>pro</strong></span> <span class='ocrx_word' id='word_1_113' title='bbox 923 1276 978 1304; x_wconf 92' lang='lat' dir='ltr'><strong>eo</strong></span> <span class='ocrx_word' id='word_1_114' title='bbox 998 1263 1118 1316; x_wconf 92' lang='lat' dir='ltr'><strong>quod</strong></span> <span class='ocrx_word' id='word_1_115' title='bbox 1144 1262 1190 1303; x_wconf 92' lang='lat' dir='ltr'><strong>in</strong></span> <span class='ocrx_word' id='word_1_116' title='bbox 1210 1261 1308 1303; x_wconf 84' lang='lat' dir='ltr'><strong>vita</strong></span> <span class='ocrx_word' id='word_1_117' title='bbox 1330 1264 1473 1317; x_wconf 83' lang='lat' dir='ltr'><strong>patris</strong></span> <span class='ocrx_word' id='word_1_118' title='bbox 1489 1244 1686 1268; x_wconf 54' lang='lat' dir='ltr'><strong>²⁰¹¹¹⁰T⁰w⁶⁵</strong></span> 
     </span>
     <span class='ocr_line' id='line_1_17' title="bbox 208 1328 1471 1370; baseline 0.002 -2"><span class='ocrx_word' id='word_1_119' title='bbox 208 1328 356 1369; x_wconf 92' lang='lat' dir='ltr'><strong>noluit</strong></span> <span class='ocrx_word' id='word_1_120' title='bbox 391 1329 456 1369; x_wconf 90' lang='lat' dir='ltr'><strong>eis</strong></span> <span class='ocrx_word' id='word_1_121' title='bbox 495 1330 647 1370; x_wconf 90' lang='lat' dir='ltr'><strong>omnia</strong></span> <span class='ocrx_word' id='word_1_122' title='bbox 682 1330 738 1370; x_wconf 88' lang='lat' dir='ltr'><strong>ad</strong></span> <span class='ocrx_word' id='word_1_123' title='bbox 773 1329 952 1370; x_wconf 87' lang='lat' dir='ltr'><strong>libitum</strong></span> <span class='ocrx_word' id='word_1_124' title='bbox 995 1328 1253 1369; x_wconf 85' lang='lat' dir='ltr'><strong>ministrare</strong></span> <span class='ocrx_word' id='word_1_125' title='bbox 1283 1328 1340 1370; x_wconf 91' lang='lat' dir='ltr'><strong>de</strong></span> <span class='ocrx_word' id='word_1_126' title='bbox 1372 1328 1471 1370; x_wconf 90' lang='lat' dir='ltr'><strong>the-</strong></span> 
     </span>
     <span class='ocr_line' id='line_1_18' title="bbox 207 1394 1471 1448; baseline 0.002 -15"><span class='ocrx_word' id='word_1_127' title='bbox 207 1406 345 1435; x_wconf 90' lang='lat' dir='ltr'><strong>sauro</strong></span> <span class='ocrx_word' id='word_1_128' title='bbox 384 1395 528 1447; x_wconf 90' lang='lat' dir='ltr'><strong>patris</strong></span> <span class='ocrx_word' id='word_1_129' title='bbox 574 1396 696 1448; x_wconf 85' lang='lat' dir='ltr'><strong>regis</strong></span> <span class='ocrx_word' id='word_1_130' title='bbox 735 1396 930 1444; x_wconf 88' lang='lat' dir='ltr'><strong>mortui;</strong></span> <span class='ocrx_word' id='word_1_131' title='bbox 969 1399 1016 1436; x_wconf 89' lang='lat' dir='ltr'><strong>et</strong></span> <span class='ocrx_word' id='word_1_132' title='bbox 1049 1394 1202 1435; x_wconf 88' lang='lat' dir='ltr'><strong>missis</strong></span> <span class='ocrx_word' id='word_1_133' title='bbox 1234 1394 1471 1444; x_wconf 88' lang='lat' dir='ltr'><strong>militibus,</strong></span> 
     </span>
     <span class='ocr_line' id='line_1_19' title="bbox 206 1459 1493 1515; baseline 0.002 -15"><span class='ocrx_word' id='word_1_134' title='bbox 206 1460 648 1513; x_wconf 88' lang='lat' dir='ltr'><strong>comprehenderunt</strong></span> <span class='ocrx_word' id='word_1_135' title='bbox 669 1474 787 1510; x_wconf 87' lang='lat' dir='ltr'><strong>eum,</strong></span> <span class='ocrx_word' id='word_1_136' title='bbox 808 1466 854 1503; x_wconf 91' lang='lat' dir='ltr'><strong>et</strong></span> <span class='ocrx_word' id='word_1_137' title='bbox 871 1465 1123 1515; x_wconf 84' lang='lat' dir='ltr'><strong>posuerunt</strong></span> <span class='ocrx_word' id='word_1_138' title='bbox 1143 1473 1246 1501; x_wconf 92' lang='lat' dir='ltr'><strong>eum</strong></span> <span class='ocrx_word' id='word_1_139' title='bbox 1267 1460 1315 1501; x_wconf 92' lang='lat' dir='ltr'><strong>in</strong></span> <span class='ocrx_word' id='word_1_140' title='bbox 1333 1459 1493 1502; x_wconf 78' lang='lat' dir='ltr'><strong>Turri&#39;</strong></span> 
     </span>
     <span class='ocr_line' id='line_1_20' title="bbox 208 1524 1473 1579; baseline 0 -13"><span class='ocrx_word' id='word_1_141' title='bbox 208 1524 474 1576; x_wconf 89' lang='lat' dir='ltr'><strong>Londoniis,</strong></span> <span class='ocrx_word' id='word_1_142' title='bbox 512 1531 558 1567; x_wconf 92' lang='lat' dir='ltr'><strong>et</strong></span> <span class='ocrx_word' id='word_1_143' title='bbox 594 1527 758 1568; x_wconf 91' lang='lat' dir='ltr'><strong>deinde</strong></span> <span class='ocrx_word' id='word_1_144' title='bbox 791 1527 848 1568; x_wconf 91' lang='lat' dir='ltr'><strong>de</strong></span> <span class='ocrx_word' id='word_1_145' title='bbox 886 1531 1038 1568; x_wconf 88' lang='lat' dir='ltr'><strong>castro</strong></span> <span class='ocrx_word' id='word_1_146' title='bbox 1073 1526 1118 1566; x_wconf 91' lang='lat' dir='ltr'><strong>in</strong></span> <span class='ocrx_word' id='word_1_147' title='bbox 1155 1530 1358 1567; x_wconf 88' lang='lat' dir='ltr'><strong>castrum</strong></span> <span class='ocrx_word' id='word_1_148' title='bbox 1390 1539 1473 1579; x_wconf 89' lang='lat' dir='ltr'><strong>per</strong></span> 
     </span>
     <span class='ocr_line' id='line_1_21' title="bbox 205 1591 1469 1645; baseline 0.001 -13"><span class='ocrx_word' id='word_1_149' title='bbox 205 1591 352 1633; x_wconf 90' lang='lat' dir='ltr'><strong>multa</strong></span> <span class='ocrx_word' id='word_1_150' title='bbox 381 1596 614 1645; x_wconf 85' lang='lat' dir='ltr'><strong>tempora3</strong></span> <span class='ocrx_word' id='word_1_151' title='bbox 653 1605 736 1634; x_wconf 90' lang='lat' dir='ltr'><strong>nec</strong></span> <span class='ocrx_word' id='word_1_152' title='bbox 762 1591 909 1634; x_wconf 85' lang='lat' dir='ltr'><strong>voluit</strong></span> <span class='ocrx_word' id='word_1_153' title='bbox 940 1592 1135 1633; x_wconf 89' lang='lat' dir='ltr'><strong>liberare</strong></span> <span class='ocrx_word' id='word_1_154' title='bbox 1160 1604 1263 1632; x_wconf 87' lang='lat' dir='ltr'><strong>eum</strong></span> <span class='ocrx_word' id='word_1_155' title='bbox 1298 1604 1379 1632; x_wconf 81' lang='lat' dir='ltr'><strong>rex</strong></span> <span class='ocrx_word' id='word_1_156' title='bbox 1413 1593 1469 1633; x_wconf 91' lang='lat' dir='ltr'><strong>ad</strong></span> 
     </span>
     <span class='ocr_line' id='line_1_22' title="bbox 204 1657 1468 1712; baseline -0.001 -14"><span class='ocrx_word' id='word_1_157' title='bbox 204 1657 471 1699; x_wconf 88' lang='lat' dir='ltr'><strong>mandatum</strong></span> <span class='ocrx_word' id='word_1_158' title='bbox 514 1671 666 1711; x_wconf 87' lang='lat' dir='ltr'><strong>papae,</strong></span> <span class='ocrx_word' id='word_1_159' title='bbox 706 1671 854 1712; x_wconf 89' lang='lat' dir='ltr'><strong>neque</strong></span> <span class='ocrx_word' id='word_1_160' title='bbox 907 1658 965 1699; x_wconf 89' lang='lat' dir='ltr'><strong>ad</strong></span> <span class='ocrx_word' id='word_1_161' title='bbox 1018 1662 1231 1711; x_wconf 83' lang='lat' dir='ltr'><strong>rogatum</strong></span> <span class='ocrx_word' id='word_1_162' title='bbox 1273 1657 1468 1698; x_wconf 89' lang='lat' dir='ltr'><strong>duorum</strong></span> 
     </span>
     <span class='ocr_line' id='line_1_23' title="bbox 204 1722 1468 1777; baseline 0.002 -14"><span class='ocrx_word' id='word_1_163' title='bbox 204 1723 652 1777; x_wconf 89' lang='lat' dir='ltr'><strong>archiepiscoporum</strong></span> <span class='ocrx_word' id='word_1_164' title='bbox 662 1723 926 1766; x_wconf 85' lang='lat' dir='ltr'><strong>Cantuariae</strong></span> <span class='ocrx_word' id='word_1_165' title='bbox 944 1729 991 1765; x_wconf 89' lang='lat' dir='ltr'><strong>et</strong></span> <span class='ocrx_word' id='word_1_166' title='bbox 1005 1724 1206 1764; x_wconf 90' lang='lat' dir='ltr'><strong>Eborum</strong></span> <span class='ocrx_word' id='word_1_167' title='bbox 1223 1735 1326 1764; x_wconf 90' lang='lat' dir='ltr'><strong>cum</strong></span> <span class='ocrx_word' id='word_1_168' title='bbox 1343 1722 1468 1765; x_wconf 90' lang='lat' dir='ltr'><strong>clero</strong></span> 
     </span>
    </p>

    <p class='ocr_par' dir='ltr' id='par_1_10' title="bbox 202 1789 1469 2370">
     <span class='ocr_line' id='line_1_24' title="bbox 204 1789 1467 1844; baseline -0.001 -14"><span class='ocrx_word' id='word_1_169' title='bbox 204 1802 289 1830; x_wconf 89' lang='lat' dir='ltr'><strong>suo</strong></span> <span class='ocrx_word' id='word_1_170' title='bbox 332 1789 404 1831; x_wconf 87' lang='lat' dir='ltr'><strong>vel</strong></span> <span class='ocrx_word' id='word_1_171' title='bbox 440 1795 708 1842; x_wconf 86' lang='lat' dir='ltr'><strong>magnatum</strong></span> <span class='ocrx_word' id='word_1_172' title='bbox 741 1791 871 1844; x_wconf 83' lang='lat' dir='ltr'><strong>regni</strong></span> <span class='ocrx_word' id='word_1_173' title='bbox 909 1790 996 1840; x_wconf 92' lang='lat' dir='ltr'><strong>sui,</strong></span> <span class='ocrx_word' id='word_1_174' title='bbox 1032 1789 1112 1831; x_wconf 92' lang='lat' dir='ltr'><strong>sed</strong></span> <span class='ocrx_word' id='word_1_175' title='bbox 1144 1801 1325 1842; x_wconf 89' lang='lat' dir='ltr'><strong>semper</strong></span> <span class='ocrx_word' id='word_1_176' title='bbox 1363 1802 1467 1830; x_wconf 87' lang='lat' dir='ltr'><strong>eum</strong></span> 
     </span>
     <span class='ocr_line' id='line_1_25' title="bbox 203 1855 1468 1909; baseline -0.001 -13"><span class='ocrx_word' id='word_1_177' title='bbox 203 1856 353 1897; x_wconf 88' lang='lat' dir='ltr'><strong>tenuit</strong></span> <span class='ocrx_word' id='word_1_178' title='bbox 376 1856 423 1896; x_wconf 92' lang='lat' dir='ltr'><strong>in</strong></span> <span class='ocrx_word' id='word_1_179' title='bbox 445 1868 643 1907; x_wconf 89' lang='lat' dir='ltr'><strong>carcere,</strong></span> <span class='ocrx_word' id='word_1_180' title='bbox 667 1861 713 1898; x_wconf 90' lang='lat' dir='ltr'><strong>et</strong></span> <span class='ocrx_word' id='word_1_181' title='bbox 737 1869 894 1898; x_wconf 90' lang='lat' dir='ltr'><strong>omnes</strong></span> <span class='ocrx_word' id='word_1_182' title='bbox 916 1861 1063 1897; x_wconf 88' lang='lat' dir='ltr'><strong>terras</strong></span> <span class='ocrx_word' id='word_1_183' title='bbox 1084 1867 1209 1905; x_wconf 89' lang='lat' dir='ltr'><strong>suas,</strong></span> <span class='ocrx_word' id='word_1_184' title='bbox 1231 1867 1348 1908; x_wconf 87' lang='lat' dir='ltr'><strong>quas</strong></span> <span class='ocrx_word' id='word_1_185' title='bbox 1369 1855 1468 1909; x_wconf 92' lang='lat' dir='ltr'><strong>ipse</strong></span> 
     </span>
     <span class='ocr_line' id='line_1_26' title="bbox 204 1921 1466 1976; baseline -0.001 -14"><span class='ocrx_word' id='word_1_186' title='bbox 204 1921 486 1975; x_wconf 85' lang='lat' dir='ltr'><strong>adquisierat</strong></span> <span class='ocrx_word' id='word_1_187' title='bbox 515 1922 563 1962; x_wconf 92' lang='lat' dir='ltr'><strong>in</strong></span> <span class='ocrx_word' id='word_1_188' title='bbox 588 1923 684 1964; x_wconf 86' lang='lat' dir='ltr'><strong>vita</strong></span> <span class='ocrx_word' id='word_1_189' title='bbox 707 1922 851 1976; x_wconf 88' lang='lat' dir='ltr'><strong>patris</strong></span> <span class='ocrx_word' id='word_1_190' title='bbox 881 1922 952 1963; x_wconf 91' lang='lat' dir='ltr'><strong>sui</strong></span> <span class='ocrx_word' id='word_1_191' title='bbox 974 1922 1113 1974; x_wconf 84' lang='lat' dir='ltr'><strong>regis,</strong></span> <span class='ocrx_word' id='word_1_192' title='bbox 1135 1921 1193 1962; x_wconf 90' lang='lat' dir='ltr'><strong>ad</strong></span> <span class='ocrx_word' id='word_1_193' title='bbox 1217 1921 1466 1962; x_wconf 88' lang='lat' dir='ltr'><strong>valentiam</strong></span> 
     </span>
     <span class='ocr_line' id='line_1_27' title="bbox 205 1987 1468 2041; baseline -0.001 -13"><span class='ocrx_word' id='word_1_194' title='bbox 205 1989 406 2041; x_wconf 91' lang='lat' dir='ltr'><strong>quinque</strong></span> <span class='ocrx_word' id='word_1_195' title='bbox 427 1988 573 2029; x_wconf 89' lang='lat' dir='ltr'><strong>millia</strong></span> <span class='ocrx_word' id='word_1_196' title='bbox 594 2001 851 2029; x_wconf 86' lang='lat' dir='ltr'><strong>marcarum</strong></span> <span class='ocrx_word' id='word_1_197' title='bbox 872 1987 1128 2036; x_wconf 88' lang='lat' dir='ltr'><strong>annuatim,</strong></span> <span class='ocrx_word' id='word_1_198' title='bbox 1147 1987 1194 2026; x_wconf 92' lang='lat' dir='ltr'><strong>in</strong></span> <span class='ocrx_word' id='word_1_199' title='bbox 1218 1999 1357 2027; x_wconf 89' lang='lat' dir='ltr'><strong>manu</strong></span> <span class='ocrx_word' id='word_1_200' title='bbox 1382 1999 1468 2027; x_wconf 86' lang='lat' dir='ltr'><strong>sua</strong></span> 
     </span>
     <span class='ocr_line' id='line_1_28' title="bbox 202 2052 1468 2107; baseline -0.002 -13"><span class='ocrx_word' id='word_1_201' title='bbox 202 2053 412 2104; x_wconf 75' lang='lat' dir='ltr'><strong>seisivit,²</strong></span> <span class='ocrx_word' id='word_1_202' title='bbox 442 2067 692 2107; x_wconf 91' lang='lat' dir='ltr'><strong>omnesque</strong></span> <span class='ocrx_word' id='word_1_203' title='bbox 725 2054 880 2095; x_wconf 87' lang='lat' dir='ltr'><strong>exitus</strong></span> <span class='ocrx_word' id='word_1_204' title='bbox 909 2053 1090 2094; x_wconf 88' lang='lat' dir='ltr'><strong>illarum</strong></span> <span class='ocrx_word' id='word_1_205' title='bbox 1124 2052 1250 2093; x_wconf 90' lang='lat' dir='ltr'><strong>dedit</strong></span> <span class='ocrx_word' id='word_1_206' title='bbox 1283 2052 1468 2093; x_wconf 88' lang='lat' dir='ltr'><strong>domino</strong></span> 
     </span>
     <span class='ocr_line' id='line_1_29' title="bbox 205 2118 1468 2172; baseline -0.001 -13"><span class='ocrx_word' id='word_1_207' title='bbox 205 2119 359 2160; x_wconf 87' lang='lat' dir='ltr'><strong>Petro.</strong></span> <span class='ocrx_word' id='word_1_208' title='bbox 431 2119 540 2172; x_wconf 91' lang='lat' dir='ltr'><strong>Ipse</strong></span> <span class='ocrx_word' id='word_1_209' title='bbox 559 2132 666 2161; x_wconf 88' lang='lat' dir='ltr'><strong>vero</strong></span> <span class='ocrx_word' id='word_1_210' title='bbox 687 2133 768 2160; x_wconf 86' lang='lat' dir='ltr'><strong>rex</strong></span> <span class='ocrx_word' id='word_1_211' title='bbox 789 2125 835 2160; x_wconf 91' lang='lat' dir='ltr'><strong>et</strong></span> <span class='ocrx_word' id='word_1_212' title='bbox 857 2119 1023 2160; x_wconf 89' lang='lat' dir='ltr'><strong>Petrus</strong></span> <span class='ocrx_word' id='word_1_213' title='bbox 1042 2118 1306 2159; x_wconf 86' lang='lat' dir='ltr'><strong>thesaurum</strong></span> <span class='ocrx_word' id='word_1_214' title='bbox 1324 2118 1468 2170; x_wconf 89' lang='lat' dir='ltr'><strong>ipsius</strong></span> 
     </span>
     <span class='ocr_line' id='line_1_30' title="bbox 203 2183 1467 2238; baseline -0.002 -12"><span class='ocrx_word' id='word_1_215' title='bbox 203 2185 404 2238; x_wconf 87' lang='lat' dir='ltr'><strong>episcopi</strong></span> <span class='ocrx_word' id='word_1_216' title='bbox 427 2185 547 2238; x_wconf 89' lang='lat' dir='ltr'><strong>apud</strong></span> <span class='ocrx_word' id='word_1_217' title='bbox 571 2185 756 2226; x_wconf 88' lang='lat' dir='ltr'><strong>Novum</strong></span> <span class='ocrx_word' id='word_1_218' title='bbox 782 2185 1024 2238; x_wconf 88' lang='lat' dir='ltr'><strong>Templum</strong></span> <span class='ocrx_word' id='word_1_219' title='bbox 1043 2183 1292 2225; x_wconf 91' lang='lat' dir='ltr'><strong>Londoniis</strong></span> <span class='ocrx_word' id='word_1_220' title='bbox 1307 2196 1467 2225; x_wconf 89' lang='lat' dir='ltr'><strong>recon-</strong></span> 
     </span>
     <span class='ocr_line' id='line_1_31' title="bbox 203 2249 1469 2304; baseline -0.002 -13"><span class='ocrx_word' id='word_1_221' title='bbox 203 2251 365 2300; x_wconf 89' lang='lat' dir='ltr'><strong>ditum,</strong></span> <span class='ocrx_word' id='word_1_222' title='bbox 383 2256 619 2304; x_wconf 88' lang='lat' dir='ltr'><strong>ceperunt,</strong></span> <span class='ocrx_word' id='word_1_223' title='bbox 636 2251 693 2292; x_wconf 90' lang='lat' dir='ltr'><strong>ad</strong></span> <span class='ocrx_word' id='word_1_224' title='bbox 716 2263 940 2292; x_wconf 87' lang='lat' dir='ltr'><strong>summam</strong></span> <span class='ocrx_word' id='word_1_225' title='bbox 962 2249 1302 2303; x_wconf 86' lang='lat' dir='ltr'><strong>quinquaginta</strong></span> <span class='ocrx_word' id='word_1_226' title='bbox 1324 2249 1469 2290; x_wconf 88' lang='lat' dir='ltr'><strong>millia</strong></span> 
     </span>
     <span class='ocr_line' id='line_1_32' title="bbox 202 2314 1467 2370; baseline -0.002 -12"><span class='ocrx_word' id='word_1_227' title='bbox 202 2317 420 2358; x_wconf 82' lang='lat' dir='ltr'><strong>librarum</strong></span> <span class='ocrx_word' id='word_1_228' title='bbox 445 2317 641 2370; x_wconf 86' lang='lat' dir='ltr'><strong>argenti,</strong></span> <span class='ocrx_word' id='word_1_229' title='bbox 666 2322 836 2370; x_wconf 84' lang='lat' dir='ltr'><strong>praeter</strong></span> <span class='ocrx_word' id='word_1_230' title='bbox 855 2329 1017 2357; x_wconf 88' lang='lat' dir='ltr'><strong>aurum</strong></span> <span class='ocrx_word' id='word_1_231' title='bbox 1045 2315 1256 2362; x_wconf 85' lang='lat' dir='ltr'><strong>multum,</strong></span> <span class='ocrx_word' id='word_1_232' title='bbox 1276 2314 1467 2369; x_wconf 84' lang='lat' dir='ltr'><strong>jocalia,</strong></span> 
     </span>
    </p>

    <p class='ocr_par' dir='ltr' id='par_1_11' title="bbox 201 2381 1469 2436">
     <span class='ocr_line' id='line_1_33' title="bbox 201 2381 1469 2436; baseline -0.002 -12"><span class='ocrx_word' id='word_1_233' title='bbox 201 2388 248 2424; x_wconf 88' lang='lat' dir='ltr'><strong>et</strong></span> <span class='ocrx_word' id='word_1_234' title='bbox 283 2383 460 2436; x_wconf 88' lang='lat' dir='ltr'><strong>lapides</strong></span> <span class='ocrx_word' id='word_1_235' title='bbox 494 2383 737 2436; x_wconf 88' lang='lat' dir='ltr'><strong>pretiosos,</strong></span> <span class='ocrx_word' id='word_1_236' title='bbox 770 2395 887 2436; x_wconf 91' lang='lat' dir='ltr'><strong>quos</strong></span> <span class='ocrx_word' id='word_1_237' title='bbox 922 2387 968 2424; x_wconf 90' lang='lat' dir='ltr'><strong>et</strong></span> <span class='ocrx_word' id='word_1_238' title='bbox 1003 2394 1106 2435; x_wconf 86' lang='lat' dir='ltr'><strong>quae</strong></span> <span class='ocrx_word' id='word_1_239' title='bbox 1142 2381 1273 2434; x_wconf 87' lang='lat' dir='ltr'><strong>quasi</strong></span> <span class='ocrx_word' id='word_1_240' title='bbox 1313 2381 1469 2422; x_wconf 88' lang='lat' dir='ltr'><strong>omnia</strong></span> 
     </span>
    </p>
   </div>
   <div class='ocr_carea' id='block_1_5' title="bbox 197 2567 1472 2795">
    <p class='ocr_par' dir='ltr' id='par_1_12' title="bbox 197 2567 1472 2795">
     <span class='ocr_line' id='line_1_34' title="bbox 245 2567 1470 2633; baseline -0.005 -29"><span class='ocrx_word' id='word_1_241' title='bbox 245 2570 255 2592; x_wconf 88' lang='lat'><em>¹</em></span> <span class='ocrx_word' id='word_1_242' title='bbox 281 2573 379 2604; x_wconf 80' lang='lat' dir='ltr'><strong>Piers</strong></span> <span class='ocrx_word' id='word_1_243' title='bbox 402 2572 576 2605; x_wconf 83' lang='lat' dir='ltr'><strong>Gaveston</strong></span> <span class='ocrx_word' id='word_1_244' title='bbox 590 2581 663 2604; x_wconf 80' lang='lat' dir='ltr'><strong>was</strong></span> <span class='ocrx_word' id='word_1_245' title='bbox 679 2571 814 2604; x_wconf 82' lang='lat' dir='ltr'><strong>created</strong></span> <span class='ocrx_word' id='word_1_246' title='bbox 832 2577 835 2633; x_wconf 67' lang='grc'>1</span> <span class='ocrx_word' id='word_1_247' title='bbox 854 2571 981 2610; x_wconf 81' lang='lat' dir='ltr'><strong>Bishop</strong></span> <span class='ocrx_word' id='word_1_248' title='bbox 991 2571 1030 2602; x_wconf 82' lang='lat' dir='ltr'><strong>of</strong></span> <span class='ocrx_word' id='word_1_249' title='bbox 1042 2569 1203 2601; x_wconf 86' lang='lat' dir='ltr'><strong>Lichfield</strong></span> <span class='ocrx_word' id='word_1_250' title='bbox 1216 2568 1281 2600; x_wconf 82' lang='lat' dir='ltr'><strong>and</strong></span> <span class='ocrx_word' id='word_1_251' title='bbox 1290 2567 1470 2607; x_wconf 59' lang='lat' dir='ltr'><strong>Devenit-y,</strong></span> 
     </span>
     <span class='ocr_line' id='line_1_35' title="bbox 198 2613 1468 2659; baseline -0.004 -10"><span class='ocrx_word' id='word_1_252' title='bbox 198 2619 278 2650; x_wconf 88' lang='lat' dir='ltr'><strong>Earl</strong></span> <span class='ocrx_word' id='word_1_253' title='bbox 287 2619 325 2651; x_wconf 87' lang='lat' dir='ltr'><strong>of</strong></span> <span class='ocrx_word' id='word_1_254' title='bbox 334 2618 502 2651; x_wconf 82' lang='lat' dir='ltr'><strong>Cornwall</strong></span> <span class='ocrx_word' id='word_1_255' title='bbox 515 2619 556 2659; x_wconf 82' lang='lat' dir='ltr'><strong>by</strong></span> <span class='ocrx_word' id='word_1_256' title='bbox 564 2618 815 2658; x_wconf 81' lang='lat' dir='ltr'><strong>charter,dated</strong></span> <span class='ocrx_word' id='word_1_257' title='bbox 850 2627 940 2649; x_wconf 86' lang='lat' dir='ltr'><strong>were</strong></span> <span class='ocrx_word' id='word_1_258' title='bbox 955 2617 1067 2648; x_wconf 83' lang='lat' dir='ltr'><strong>seized</strong></span> <span class='ocrx_word' id='word_1_259' title='bbox 1085 2617 1154 2647; x_wconf 88' lang='lat' dir='ltr'><strong>into</strong></span> <span class='ocrx_word' id='word_1_260' title='bbox 1169 2615 1224 2646; x_wconf 87' lang='lat' dir='ltr'><strong>the</strong></span> <span class='ocrx_word' id='word_1_261' title='bbox 1242 2614 1363 2654; x_wconf 87' lang='lat' dir='ltr'><strong>King&#39;s</strong></span> <span class='ocrx_word' id='word_1_262' title='bbox 1380 2613 1468 2645; x_wconf 85' lang='lat' dir='ltr'><strong>haud</strong></span> 
     </span>
     <span class='ocr_line' id='line_1_36' title="bbox 197 2661 1470 2704; baseline -0.004 -7"><span class='ocrx_word' id='word_1_263' title='bbox 197 2669 233 2696; x_wconf 81' lang='lat' dir='ltr'><strong>at</strong></span> <span class='ocrx_word' id='word_1_264' title='bbox 245 2665 419 2696; x_wconf 83' lang='lat' dir='ltr'><strong>Dumfries</strong></span> <span class='ocrx_word' id='word_1_265' title='bbox 429 2675 470 2696; x_wconf 92' lang='lat' dir='ltr'><strong>on</strong></span> <span class='ocrx_word' id='word_1_266' title='bbox 486 2665 542 2696; x_wconf 87' lang='lat' dir='ltr'><strong>the</strong></span> <span class='ocrx_word' id='word_1_267' title='bbox 554 2665 611 2696; x_wconf 85' lang='lat' dir='ltr'><strong>6th</strong></span> <span class='ocrx_word' id='word_1_268' title='bbox 623 2665 662 2695; x_wconf 84' lang='lat' dir='ltr'><strong>of</strong></span> <span class='ocrx_word' id='word_1_269' title='bbox 669 2664 816 2704; x_wconf 80' lang='lat' dir='ltr'><strong>August,</strong></span> <span class='ocrx_word' id='word_1_270' title='bbox 852 2664 894 2703; x_wconf 81' lang='lat' dir='ltr'><strong>by</strong></span> <span class='ocrx_word' id='word_1_271' title='bbox 911 2664 988 2694; x_wconf 87' lang='lat' dir='ltr'><strong>writ</strong></span> <span class='ocrx_word' id='word_1_272' title='bbox 1008 2663 1046 2694; x_wconf 84' lang='lat' dir='ltr'><strong>of</strong></span> <span class='ocrx_word' id='word_1_273' title='bbox 1067 2663 1171 2701; x_wconf 86' lang='lat' dir='ltr'><strong>Privy</strong></span> <span class='ocrx_word' id='word_1_274' title='bbox 1196 2661 1286 2700; x_wconf 85' lang='lat' dir='ltr'><strong>Seal,</strong></span> <span class='ocrx_word' id='word_1_275' title='bbox 1308 2661 1408 2691; x_wconf 69' lang='lat' dir='ltr'><strong>dated</strong></span> <span class='ocrx_word' id='word_1_276' title='bbox 1436 2665 1470 2692; x_wconf 85' lang='lat' dir='ltr'><strong>at</strong></span> 
     </span>
     <span class='ocr_line' id='line_1_37' title="bbox 202 2707 1469 2751; baseline -0.004 -10"><span class='ocrx_word' id='word_1_277' title='bbox 202 2714 298 2743; x_wconf 82' lang='lat'><strong>1307.</strong></span> <span class='ocrx_word' id='word_1_278' title='bbox 346 2712 483 2751; x_wconf 73' lang='lat' dir='ltr'><strong>Rymer,</strong></span> <span class='ocrx_word' id='word_1_279' title='bbox 499 2711 658 2751; x_wconf 84' lang='lat' dir='ltr'><strong>Foedera,</strong></span> <span class='ocrx_word' id='word_1_280' title='bbox 673 2711 708 2742; x_wconf 89' lang='lat' dir='ltr'><strong>ii.</strong></span> <span class='ocrx_word' id='word_1_281' title='bbox 725 2714 758 2742; x_wconf 86' lang='lat'><strong>2.</strong></span> <span class='ocrx_word' id='word_1_282' title='bbox 851 2710 1003 2749; x_wconf 76' lang='lat' dir='ltr'><strong>clipston</strong></span> <span class='ocrx_word' id='word_1_283' title='bbox 1034 2719 1076 2739; x_wconf 90' lang='lat' dir='ltr'><strong>on</strong></span> <span class='ocrx_word' id='word_1_284' title='bbox 1110 2708 1166 2739; x_wconf 82' lang='lat' dir='ltr'><strong>the</strong></span> <span class='ocrx_word' id='word_1_285' title='bbox 1204 2707 1282 2738; x_wconf 69' lang='lat' dir='ltr'><strong>emh</strong></span> <span class='ocrx_word' id='word_1_286' title='bbox 1315 2707 1352 2737; x_wconf 83' lang='lat' dir='ltr'><strong>of</strong></span> <span class='ocrx_word' id='word_1_287' title='bbox 1385 2707 1469 2745; x_wconf 82' lang='lat' dir='ltr'><strong>Sep-</strong></span> 
     </span>
     <span class='ocr_line' id='line_1_38' title="bbox 850 2753 1472 2795; baseline -0.003 -8"><span class='ocrx_word' id='word_1_288' title='bbox 850 2756 988 2795; x_wconf 85' lang='lat' dir='ltr'><strong>tember,</strong></span> <span class='ocrx_word' id='word_1_289' title='bbox 1013 2758 1109 2786; x_wconf 79' lang='grc'><strong>1307.</strong></span> <span class='ocrx_word' id='word_1_290' title='bbox 1149 2754 1286 2794; x_wconf 81' lang='lat' dir='ltr'><strong>Rymer,</strong></span> <span class='ocrx_word' id='word_1_291' title='bbox 1310 2753 1472 2789; x_wconf 81' lang='lat' dir='ltr'><strong>Foedera,</strong></span> 
     </span>
    </p>
   </div>
   <div class='ocr_carea' id='block_1_6' title="bbox 244 2800 934 2843">
    <p class='ocr_par' dir='ltr' id='par_1_13' title="bbox 244 2800 934 2843">
     <span class='ocr_line' id='line_1_39' title="bbox 244 2800 934 2843; baseline -0.001 -9"><span class='ocrx_word' id='word_1_292' title='bbox 244 2800 257 2818; x_wconf 83' lang='lat'><em>²</em></span> <span class='ocrx_word' id='word_1_293' title='bbox 278 2803 350 2834; x_wconf 86' lang='lat' dir='ltr'><strong>The</strong></span> <span class='ocrx_word' id='word_1_294' title='bbox 376 2804 587 2843; x_wconf 77' lang='lat' dir='ltr'><strong>possessions</strong></span> <span class='ocrx_word' id='word_1_295' title='bbox 613 2803 652 2834; x_wconf 87' lang='lat' dir='ltr'><strong>of</strong></span> <span class='ocrx_word' id='word_1_296' title='bbox 674 2803 814 2842; x_wconf 82' lang='lat' dir='ltr'><strong>Walter,</strong></span> <span class='ocrx_word' id='word_1_297' title='bbox 850 2803 885 2833; x_wconf 88' lang='lat' dir='ltr'><strong>ii.</strong></span> <span class='ocrx_word' id='word_1_298' title='bbox 903 2805 934 2834; x_wconf 89' lang='grc'><strong>7.</strong></span> 
     </span>
    </p>
   </div>
   <div class='ocr_carea' id='block_1_7' title="bbox 268 2877 1267 2909">
    <p class='ocr_par' dir='ltr' id='par_1_14' title="bbox 268 2877 1267 2909">
     <span class='ocr_line' id='line_1_40' title="bbox 268 2877 1267 2909; baseline -0.003 0"><span class='ocrx_word' id='word_1_299' title='bbox 268 2880 370 2909; x_wconf 78' lang='lat' dir='ltr'>VOL.</span> <span class='ocrx_word' id='word_1_300' title='bbox 397 2880 445 2908; x_wconf 89' lang='grc'><strong>11.</strong></span> <span class='ocrx_word' id='word_1_301' title='bbox 1238 2877 1267 2906; x_wconf 85' lang='grc' dir='ltr'><strong>Τ</strong></span> 
     </span>
    </p>
   </div>
  </div>
 </body>
</html>
