2038 3306
461 369 687 401 WALTstu
725 369 787 398 DE
824 369 1199 400 HEMtNGBURGH.
1373 358 1460 399 153

199 488 281 528 per
317 487 400 515 nos
431 473 506 516 vel
534 486 615 527 per
654 477 970 515 antecessores
1015 477 1214 523 nostros,
1242 471 1316 514 vel
1349 485 1459 513 con-

197 540 460 582 suetudines
501 539 792 589 introductae,
827 539 1041 581 volumus
1082 545 1129 581 et
1172 538 1461 580 concedimus

199 606 320 660 quod
351 605 611 661 hujusmodi
644 606 998 647 consuetudines
1028 610 1075 647 et
1105 610 1283 647 statuta
1314 617 1463 647 vacua

199 678 245 715 et
276 672 404 714 nulla
443 672 536 714 sint
570 673 617 713 in
655 679 942 726 perpetuum.
1013 671 1295 713 Remisimus
1323 671 1461 713 etiam

202 738 449 780 Humfrido
504 738 560 780 (le
614 738 761 780 Bown
821 738 976 780 comiti
1029 737 1362 779 Herefordensi
1417 742 1464 779 et

203 804 467 847 Essexiensi
498 804 840 846 constabulario
859 803 1060 856 Angliae,
1093 803 1281 856 Rogero
1307 803 1465 857 Bygot

202 871 359 913 comiti
392 870 696 911 Northfolciae
741 869 1010 911 marescallo
1034 868 1236 922 Angliae,
1276 874 1321 911 et
1361 869 1466 911 aliis

203 937 462 985 comitibus,
498 935 760 984 baronibus,
788 935 1038 984 militibus,
1082 935 1337 988 armigeris,
1381 935 1410 977 J
1416 948 1466 977 o-

203 1002 343 1043 hanni
369 1001 425 1043 de
459 998 716 1050 FerrariiS,¹
739 1013 793 1042 ac
823 1001 1036 1042 omnibus
1072 999 1176 1042 aliis
1212 1001 1268 1042 de
1306 1014 1464 1042 eorum

205 1068 445 1117 societate,
470 1066 862 1108 confoederatione
891 1071 936 1108 et
958 1065 1203 1108 concordia
1227 1067 1466 1109 existenti-

203 1135 309 1184 bus,
345 1145 522 1174 necnon
560 1133 770 1174 omnibus
795 1132 961 1185 viginti
997 1131 1191 1174 libratas
1228 1137 1364 1175 terrae
1397 1139 1465 1175 te·

202 1200 413 1241 uentibus
445 1199 492 1240 in
524 1211 666 1251 regno
691 1204 852 1240 nostro
883 1198 982 1240 sive
1013 1198 1069 1239 de
1090 1199 1222 1240 nobis
1243 1200 1291 1240 in
1313 1199 1465 1253 capite

208 1266 306 1307 sive
341 1265 398 1306 de
431 1265 522 1306 alio
549 1277 839 1318 quocunque,
871 1265 951 1318 qui
985 1264 1043 1305 ad
1075 1265 1466 1307 transfretandum

208 1332 446 1373 nobiscum
481 1331 528 1372 in
559 1330 826 1372 Flandriam
857 1336 983 1372 certo
1019 1331 1091 1372 die
1123 1335 1283 1372 notato
1314 1333 1467 1374 vocati

207 1398 393 1439 fuerunt
422 1402 468 1438 et
505 1409 597 1437 non
627 1401 865 1447 venerunt,
901 1410 1139 1438 rancorem
1174 1402 1381 1439 nostrum
1422 1403 1468 1439 et

210 1463 380 1505 malam
419 1463 703 1505 voluntatem
758 1476 897 1516 quam
939 1477 1000 1505 ex
1042 1463 1193 1505 causis
1237 1463 1470 1517 praedictis

209 1542 321 1583 erga
363 1542 441 1571 eos
484 1529 753 1580 habuimus;
798 1534 843 1570 et
884 1529 1020 1570 etiam
1060 1530 1469 1582 transgressiones,

207 1597 249 1638 si
270 1607 386 1649 quas
406 1595 536 1636 nobis
557 1595 631 1636 vel
661 1595 829 1635 nostris
858 1595 1066 1645 fecerint,
1093 1607 1240 1648 usque
1270 1595 1329 1637 ad
1350 1609 1470 1650 prae-

209 1662 353 1704 sentis
397 1665 539 1702 cartae
592 1660 938 1702 confectionem.
1028 1661 1089 1703 Et
1141 1661 1200 1702 ad
1249 1661 1472 1716 majorem

210 1727 349 1782 hujus
393 1727 459 1768 rei
502 1727 797 1768 securitatem
833 1727 1047 1769 volumus
1095 1732 1142 1769 et
1181 1727 1473 1769 concedimus

209 1807 293 1849 pro
320 1794 449 1835 nobis
473 1798 518 1835 et
534 1793 794 1834 haeredibus
807 1794 991 1844 nostris,
1007 1793 1128 1847 quod
1150 1806 1309 1835 omnes
1331 1794 1476 1835 archi-

217 1860 423 1914 episcopi
457 1864 504 1901 et
535 1859 738 1914 episcopi
782 1858 986 1913 Angliae‚
1023 1860 1070 1900 in
1106 1865 1394 1914 perpetuum,
1429 1861 1476 1901 in

216 1926 312 1968 suis
332 1925 672 1968 cathedralibus
703 1925 906 1967 ecclesiis
926 1926 1086 1968 habita
1107 1927 1326 1979 praesenti
1350 1931 1480 1968 carta

212 1997 259 2034 et
291 1992 429 2042 lecta,
467 1992 865 2034 excommunicent
900 1992 1083 2046 publice
1116 1998 1163 2034 et
1194 1993 1242 2034 in
1282 1993 1479 2045 singulis

214 2058 555 2113 parochialibus
577 2058 780 2100 ecclesiis
800 2071 987 2099 suarum
1010 2058 1274 2099 dioecesium
1298 2071 1482 2099 excom-

217 2125 450 2166 municare
502 2138 584 2166 seu
629 2125 1050 2165 excommunicatos
1094 2123 1373 2166 denunciare
1411 2124 1480 2166 fa-

217 2191 343 2232 ciant
392 2190 463 2231 bis
501 2191 548 2231 in
591 2203 711 2231 anno
758 2202 915 2231 omnes
951 2190 1030 2243 qui
1072 2195 1236 2231 contra
1276 2195 1480 2231 tenorem

220 2256 460 2311 praesentis
494 2261 635 2297 cartae
670 2256 760 2297 vim
798 2261 844 2297 et
878 2255 1090 2297 effectum
1125 2255 1171 2296 in
1206 2268 1482 2310 quocunque

220 2322 416 2365 articulo
447 2322 644 2363 scienter
668 2321 875 2372 fecerint,
897 2327 979 2363 aut
1000 2321 1100 2362 fieri
1121 2323 1482 2374 procuraverint,

221 2388 560 2443 quoquomodo.
633 2387 690 2429 In
737 2388 871 2442 cujus
914 2387 978 2428 rei
1016 2388 1330 2430 testimonium
1367 2401 1483 2442 prae-

221 2455 342 2496 senti
362 2458 501 2496 cartae
522 2453 726 2507 sigillum
759 2458 968 2495 nostrum
993 2458 1063 2495 est
1093 2467 1365 2507 appensum,
1392 2467 1485 2495 una

221 2534 323 2563 cum
350 2520 514 2573 sigillis
545 2520 1010 2573 archiepiscoporum,
1041 2520 1376 2573 episcoporum,
1407 2533 1484 2561 co-

223 2587 668 2637 mitum,>baronum,
698 2592 743 2627 et
771 2586 982 2636 aliorum,
1006 2586 1085 2639 qui
1115 2593 1281 2639 sponte
1299 2586 1488 2641 jurave-

224 2659 331 2694 runt
370 2653 491 2706 quod
541 2658 745 2694 tenorem
777 2652 1019 2705 praesentis
1061 2657 1219 2702 cartae,
1257 2657 1488 2705 quatenus

1494 483 1615 508 Edward
1629 483 1654 508 1.

1494 517 1528 541 A.
1541 516 1576 542 D.
1593 515 1667 541 1297.

1478 574 1539 598 The
1552 575 1658 598 statute

1481 608 1499 621 ‘⁴
1510 607 1553 632 De
1565 605 1656 631 Talla-

1478 640 1525 672 gio
1536 646 1592 664 non
1605 645 1672 664 con-

1479 671 1631 699 cedendo?

226 2720 273 2760 in
306 2720 371 2760 eis
404 2725 488 2768 est,
521 2719 568 2759 in
599 2719 810 2760 omnibus
846 2724 892 2760 et
933 2717 1128 2771 singulis
1165 2718 1372 2760 articulis
1410 2719 1491 2759 ob-

275 2826 282 2844 ¹
308 2826 519 2857 Asterwards
552 2826 664 2857 Baron
692 2826 827 2857 Ferrers
854 2826 891 2857 of
917 2826 1090 2867 Chartley,
1113 2827 1191 2867 only
1215 2836 1275 2858 son
1301 2826 1340 2858 of
1367 2826 1492 2858 Robert

227 2874 269 2905 de
287 2873 435 2913 Ferrers,
450 2872 565 2913 eighth
582 2873 663 2904 Earl
679 2873 717 2904 os
728 2873 858 2911 Derby.
