2038 3306
496 287 719 318 WAL'PERI
754 287 815 316 DE
846 287 1223 318 HEMlNcBURGH.
1393 275 1476 317 271

215 393 484 434 duxerimus
527 393 875 434 ordinandum.”
956 392 1231 446 Placuitque
1273 392 1365 434 ista
1408 404 1478 432 re-

216 459 402 513 sponsio
424 459 618 510 cunctis,
641 464 688 500 et
718 459 1016 501 elevaverunt
1045 471 1209 500 manus
1237 458 1283 499 in
1312 457 1480 499 coelum

217 526 419 566 universi
459 526 536 579 qui
587 525 794 574 aderant,
844 530 1151 579 praeterquam
1195 524 1286 566 duo
1326 524 1482 565 nuncii

217 591 359 640 missi,
378 604 530 633 comes
551 592 724 633 scilicet
740 591 1023 632 Lancastriae
1042 595 1088 632 et
1109 591 1322 632 dominus
1339 589 1481 643 Hugo

218 656 261 697 le
301 658 580 710 Despenser.
652 657 713 698 Et
750 669 903 698 comes
947 656 1006 698 ad
1053 669 1157 698 eos:
1196 656 1338 698 “Cur
1377 668 1481 697 cum

218 723 398 764 caeteris
412 736 573 764 manus
589 736 681 764 non
694 723 903 772 elevatis,
923 735 1074 764 nonne
1093 722 1330 763 nobiscum
1347 734 1481 776 pares

218 789 330 829 estis
362 794 409 830 et
449 794 684 830 consortes
718 788 765 829 in
796 789 975 840 regno?
1011 788 1130 829 vivit
1163 788 1406 837 Dominus,
1442 788 1482 828 si

217 854 450 896 nobiscum
477 867 568 895 non
599 854 940 904 consenseritis,
960 853 1087 894 eritis
1119 853 1249 894 nobis
1274 854 1480 894 extranei

218 924 266 961 et
286 920 419 973 quasi
437 919 660 973 capitales
679 919 894 960 inimici.''
946 917 1012 960 At
1029 918 1198 968 nuncii,
1221 922 1251 941 “
1268 918 1482 960 Parcatis

218 985 364 1035 nobis,
389 985 587 1035 domine,
608 985 718 1038 quia
745 998 829 1038 pro
861 984 1062 1026 utilitate
1094 984 1224 1037 regni
1244 984 1480 1025 vobiscum

219 1064 399 1104 semper
425 1052 594 1092 erimus
619 1051 668 1092 in
695 1050 784 1092 fide
817 1050 1035 1102 stabiles;
1069 1050 1149 1091 sed
1180 1050 1396 1103 quoniam
1426 1050 1483 1090 de

218 1117 458 1159 voluntate
485 1117 609 1170 regis
642 1116 842 1158 nondum
878 1120 1077 1165 constat,
1107 1120 1389 1157 revertemur
1423 1116 1481 1157 ad

219 1195 339 1232 eum,
371 1188 418 1224 et
454 1182 804 1224 certificabimus
842 1195 925 1223 nos
961 1183 1136 1235 absque
1173 1182 1269 1223 ulla
1304 1182 1481 1223 mora.’'

219 1248 552 1302 Abieruntque‚
588 1253 635 1290 et
669 1248 841 1290 reversi
869 1252 994 1298 sunt,
1025 1247 1230 1289 dicentes
1261 1260 1320 1288 ex
1351 1253 1482 1300 parte

220 1315 342 1367 regis
359 1315 482 1368 quod
497 1314 644 1356 noluit
664 1327 742 1355 eos
764 1327 846 1355 rex
862 1313 1055 1354 ulterius
1072 1313 1270 1367 fatigare
1285 1313 1342 1354 ad
1366 1327 1483 1367 prae-

220 1393 341 1430 sens,
362 1381 442 1422 sed
464 1394 567 1422 cum
588 1380 846 1422 actionibus
870 1380 1123 1432 gratiarum
1145 1384 1483 1421 reverterentur

218 1446 275 1487 ad
298 1447 485 1500 propria
505 1459 651 1499 usque
672 1446 720 1486 in
740 1445 1018 1499 quindenam
1041 1445 1265 1496 Paschae;
1302 1449 1348 1486 et
1373 1446 1481 1486 tunc

221 1512 469 1554 Londoniis
513 1511 572 1553 ad
611 1511 963 1565 parliamentum
1002 1524 1137 1552 suum
1178 1511 1387 1553 venirent
1425 1511 1482 1552 dc

219 1578 467 1631 praemissis
488 1577 745 1619 tractaturi.

353 1724 554 1777 Quomodo
578 1724 668 1766 Rem
690 1723 845 1765 ditavit
864 1723 1040 1764 Petrum
1058 1721 1110 1764 de
1135 1720 1353 1764 Oaberston

694 1788 1024 1831 Wasooniemsem.
1318 1788 1321 1790 ’

288 1905 345 1947 In
365 1906 461 1947 vita
485 1905 630 1958 patris
652 1904 725 1946 sui
749 1904 911 1945 habuit
939 1916 1023 1944 rex
1046 1903 1275 1956 quendam
1296 1902 1485 1943 militem

219 1972 307 2013 sibi
358 1971 766 2013 familiarissimum
815 1970 872 2011 de
922 1969 1174 2010 Wasconia
1226 1967 1486 2018 oriundum,

220 2051 356 2092 quem
378 2050 482 2079 cum
503 2041 626 2078 esset
647 2036 863 2090 princeps
884 2034 1087 2083 Walliae,
1107 2033 1241 2087 quasi
1262 2046 1321 2074 ex
1342 2033 1486 2075 nihilo

220 2101 561 2152 suscitaverat‚¹
599 2106 645 2143 et
691 2114 774 2155 pro
825 2100 994 2142 amoris
1035 2099 1350 2152 magnitudine
1393 2111 1485 2153 quo

221 2169 387 2210 dilexit
433 2181 537 2210 eum
579 2180 663 2220 pro
713 2179 850 2220 posse
900 2166 1147 2215 ditaverat,
1194 2165 1386 2206 Petrum
1429 2165 1486 2206 de

225 2233 482 2275 Caberston
518 2232 705 2287 proprio
737 2231 923 2274 nomine
958 2232 1263 2273 nominatum.
1343 2229 1485 2272 Hunc

222 2313 323 2341 cum
346 2299 495 2341 adhuc
517 2298 704 2340 uberius
735 2310 1006 2353 promovere
1034 2297 1190 2347 vellet,
1212 2296 1399 2338 vocavit
1427 2297 1485 2337 ad

222 2379 272 2407 se
295 2365 631 2407 thesaurarium
662 2364 807 2417 patris
831 2364 920 2413 sui,
941 2376 1078 2417 quem
1099 2366 1232 2416 pater
1261 2375 1374 2403 suus
1401 2375 1485 2404 rex

221 2431 518 2486 singulariter
537 2430 714 2481 dilexit,
736 2435 782 2471 et
802 2442 831 2471 a
854 2429 1020 2471 clerico
1042 2440 1246 2482 paupere
1269 2440 1417 2482 usque
1440 2428 1487 2469 in

221 2492 528 2551 episcopalem
575 2496 767 2550 gradum
819 2495 992 2536 fecerat
1049 2493 1308 2548 promoveri
1331 2507 1342 2545 3
1390 2498 1489 2535 erat

222 2564 340 2604 enim
365 2563 607 2617 episcopus
637 2561 831 2604 Cestriae
865 2566 912 2603 et
935 2560 1170 2602 ordinator
1200 2559 1488 2612 negotiorum

269 2688 280 2709 ¹
307 2690 456 2721 Edward
472 2689 502 2721 1.
515 2689 641 2721 caused
657 2689 756 2720 Piers
768 2687 838 2721 Ga·
872 2688 927 2720 the
952 2688 1052 2719 brave
1078 2686 1223 2718 services
1238 2685 1277 2717 of
1294 2686 1348 2717 his
1370 2685 1490 2718 father.

222 2739 338 2767 veston
360 2739 394 2767 to
418 2737 460 2767 be
486 2735 652 2767 educated
677 2734 759 2766 with
782 2735 838 2766 the
871 2734 1083 2772 Trokelowe‚
1099 2732 1223 2765 Annal.
1248 2732 1347 2766 Edw.
1367 2731 1419 2764 ΙΙ.
1435 2731 1489 2763 ed.

224 2782 345 2813 Prince
370 2782 408 2813 of
427 2782 553 2822 Wales,
576 2782 610 2812 in
634 2781 766 2813 reward
788 2781 840 2812 for
874 2779 1022 2819 Heame,
1039 2789 1074 2818 p.
1089 2782 1120 2810 5.

1511 401 1630 427 Edwnnl
1644 401 1685 426 ΙΙ.

1515 436 1548 460 A.
1562 435 1596 460 D.
1613 435 1686 459 1308.

1505 1918 1621 1948 History
1633 1916 1665 1941 os

1504 1952 1583 1976 Piets

1503 1985 1645 2010 Gaveston
1650 2000 1656 2007 .
