2038 3306
505 331 731 363 WALTERI
764 332 826 362 DE
858 332 1234 364 HEMINGBURGH.
1407 324 1493 366 117

230 441 438 483 volumus
470 442 730 495 sumptibus
760 443 930 484 nostris
959 444 1150 485 nuncios
1177 447 1360 485 nostros
1386 455 1491 497 spe-

228 508 368 549 ciales
406 507 465 549 ad
506 508 658 561 ipsum
700 514 878 562 patrem
921 510 1207 564 spiritualem
1256 510 1490 552 dominum

227 586 410 628 papam,
434 579 485 616 ut
518 574 750 616 licentiam
781 576 867 617 ‘ad
899 576 1292 618 concedendum’l
1325 576 1493 618 habere

228 641 473 693 possimus,
511 641 585 682 vel
627 642 791 683 saltem
832 656 1101 696 responsum
1142 643 1393 684 habeamus
1433 643 1492 684 ab

229 706 330 759 ipso
382 707 491 760 quid
537 707 687 749 facere
738 709 1013 751 debeamus:
1081 709 1307 751 credimus
1353 709 1492 751 etiam

227 772 460 814 dominum
504 780 710 816 nostrum
752 788 920 828 regem,
957 775 1076 817 sicut
1119 779 1166 816 et
1205 788 1305 826 nos,
1343 775 1492 829 ipsam

229 841 715 881 excommunicationis
739 842 1015 883 sententiam
1035 842 1082 882 in
1113 841 1240 882 bulla
1270 841 1413 883 latam
1446 846 1493 883 et

228 905 387 947 timere
408 910 454 947 et
477 906 676 959 effugere
697 907 864 948 velle.'’
937 906 1009 948 Ad
1039 906 1138 948 haec
1159 907 1313 948 nuncii
1339 907 1488 961 regis:

227 975 257 993 “
276 971 497 1013 Ordinato
527 985 586 1012 ex
618 972 763 1021 vobis,
795 972 967 1014 domini
1000 973 1239 1023 carissimi,
1270 986 1492 1026 personas

227 1042 393 1086 certas,
435 1038 515 1091 qui
558 1038 672 1079 talia
708 1039 891 1080 domino
927 1040 1026 1092 regi
1066 1053 1125 1080 ex
1166 1043 1298 1093 parte
1337 1044 1492 1082 vestra

228 1104 527 1154 renuncient3
575 1117 659 1146 nos
701 1106 838 1155 enim,
888 1106 1086 1147 scientes
1127 1106 1490 1159 indignationem

227 1170 327 1224 ejus
351 1183 606 1221 accensam,
636 1184 846 1213 veremur
872 1173 1056 1214 omnino
1086 1172 1202 1213 talia
1228 1172 1490 1214 nunciare.”

1528 447 1653 473 Edward
1667 448 1692 473 1.

1522 481 1557 506 A.
1568 481 1604 506 D.
1621 482 1696 506 129⁷.

230 1235 365 1287 Quod
388 1250 491 1278 cum
514 1238 601 1291 ipsi
621 1237 851 1288 fecissent,
871 1252 980 1280 mox
1003 1238 1130 1280 furor
1151 1239 1273 1292 regis
1293 1239 1492 1290 insaevit,
1509 1248 1589 1279 They
1600 1255 1647 1273 are

1510 1281 1651 1307 outlawed

229 1310 276 1344 et
310 1303 572 1344 excandens
604 1303 651 1344 in
678 1304 809 1354 iram,
836 1305 986 1358 ipsum
1016 1305 1390 1347 Cantuariensem
1420 1318 1495 1347 ar-
1511 1315 1567 1340 and
1579 1314 1655 1339 their

1511 1348 1661 1380 temporal-

229 1368 569 1423 chiepiscopum
608 1383 711 1411 cum
756 1375 855 1412 toto
896 1371 1019 1412 clero
1059 1370 1319 1425 Anglicano
1359 1376 1493 1414 extra
1510 1381 1681 1407 tiesseized-

229 1448 361 1476 suam
390 1436 701 1478 defensionem
724 1442 770 1478 et
797 1437 1128 1491 protectionem
1153 1438 1335 1492 posuit3
1376 1451 1495 1491 prae-

228 1503 442 1556 cepitque
485 1507 536 1543 ut
579 1515 734 1544 omnes
775 1508 912 1544 terrae
954 1504 1094 1545 etiam
1131 1504 1310 1546 dotales
1351 1505 1494 1546 totius

227 1567 433 1609 ecclesiae
461 1567 734 1620 Anglicanae
755 1569 803 1610 in
825 1582 1007 1610 manum
1032 1570 1178 1624 ipsius
1210 1571 1493 1612 seisirentur.

229 1633 305 1683 Et,
362 1639 414 1675 ut
466 1634 682 1684 creditur,
741 1635 1014 1677 miraculose
1071 1636 1281 1690 contigit,
1333 1637 1495 1679 eadem

229 1700 347 1741 enim
400 1700 473 1741 die
514 1704 526 1722 ‘
549 1713 642 1754 qua
681 1707 815 1743 extra
860 1702 1192 1756 protectionem
1235 1716 1367 1744 suam
1411 1716 1496 1744 rex

229 1766 402 1807 clerum
442 1766 718 1821 posuerat,'2
758 1768 937 1809 confusi
979 1773 1087 1810 sunt
1128 1769 1298 1810 milites
1337 1769 1410 1810 sui
1447 1770 1495 1810 in

230 1831 480 1883 Vasconia,
519 1838 565 1874 et
604 1846 632 1875 a
666 1834 857 1876 Francis
894 1835 1078 1884 devicti,
1112 1840 1164 1877 ut
1197 1835 1318 1876 infra
1351 1840 1494 1889 patet.

228 1898 258 1940 J
263 1898 551 1941 ustitiarius³
599 1900 738 1942 etiam
790 1900 914 1955 regis
965 1901 1013 1942 in
1060 1902 1209 1943 banco
1256 1915 1316 1943 ex
1364 1907 1497 1956 parte

228 1967 350 2019 regis
373 1979 456 2020 pro
479 1967 696 2008 tribunali
721 1967 901 2018 sedens,
924 1967 1133 2009 omnibus
1157 1969 1496 2010 circumstanti-

232 2033 316 2074 bus
346 2032 529 2086 publice
561 2033 696 2084 dixit,
720 2033 866 2075 “Vos
892 2033 1065 2075 domini
1099 2035 1321 2076 attornati
1348 2034 1496 2075 archi-

228 2099 562 2152 episcoporum,
590 2100 925 2153 episcoporum,
949 2101 1169 2141 abbatum
1201 2105 1248 2142 et
1279 2101 1497 2154 priorum,

231 2170 592 2219 caeterarumque
611 2178 910 2219 personarum
930 2166 1129 2207 omnium
1151 2179 1210 2207 ex
1226 2166 1366 2216 clero,
1379 2180 1498 2207 nun-

232 2231 351 2272 ciate
375 2231 571 2272 dominis
597 2232 763 2273 vestris
784 2235 797 2254 ‘
812 2237 859 2274 et
886 2226 1078 2281 dicite,’⁴
1101 2232 1224 2286 quod
1248 2232 1304 2274 de
1329 2238 1497 2274 caetero

232 2297 278 2338 in
317 2298 446 2339 curia
479 2297 650 2339 domini
685 2298 807 2351 regis
841 2298 968 2339 nulla
1002 2298 1081 2339 fiet
1116 2298 1182 2340 eis
1215 2298 1402 2353 justitia
1441 2299 1498 2340 de

233 2377 507 2418 quacunque
539 2377 604 2414 re,
639 2364 776 2405 etiam
815 2365 855 2405 si
892 2364 1023 2406 illata
1057 2364 1196 2406 fuerit
1231 2365 1297 2406 eis
1329 2366 1500 2420 injuria

233 2430 536 2472 atrocissima.
605 2429 802 2472 Justitia
824 2436 979 2473 tamen
1002 2431 1058 2472 de
1082 2431 1148 2472 eis
1178 2431 1257 2473 fiet
1287 2432 1499 2473 omnibus

233 2497 634 2550 conquerentibus,
654 2501 699 2538 et
720 2510 820 2538 eam
843 2497 1011 2538 habere
1031 2484 1340 2539 volentibus.‘'
1357 2497 1502 2539 Mira-

233 2563 324 2605 bile
347 2563 472 2605 dictu
493 2564 502 2605 !
538 2564 794 2605 communis
807 2563 993 2618 justitia
1012 2577 1117 2618 quae
1141 2564 1312 2618 populo
1337 2577 1501 2605 conce-

279 2697 288 2716 ¹
313 2698 466 2738 ‘aliquid
503 2697 737 2738 concedendi‚’
772 2698 849 2730 MS.
932 2697 946 2716 ³
968 2698 1023 2729 sir
1043 2698 1135 2729 John
1159 2698 1398 2740 Mettiugham,
1414 2699 1502 2731 Lord

234 2745 323 2778 Cott.
335 2745 411 2778 Tib.
886 2744 990 2777 chief
1020 2745 1154 2777 Justice
1183 2745 1222 2777 of
1253 2745 1309 2777 the
1343 2745 1505 2778 Common

278 2791 292 2810 ²
315 2793 406 2832 ‘qua
434 2791 561 2823 clerum
592 2794 689 2823 extra
718 2794 850 2832 protec-
887 2791 1002 2823 Pleas.

233 2839 356 2871 tionem
372 2838 511 2878 posuit,'
527 2838 604 2871 MS.
621 2837 711 2871 Cott.
727 2839 803 2869 Tib.
935 2837 947 2855 ⁴
970 2837 1123 2870 Omitted
1138 2838 1173 2870 in
1189 2838 1266 2872 MS.
1283 2838 1373 2872 Cott.
1389 2839 1467 2873 Tib.
