2038 3306
436 320 660 352 ivam-nm
694 320 755 350 nn
788 320 1164 352 nnmmmmncn.
1342 311 1430 352 307

163 436 337 477 vosque
366 437 511 478 usque
550 425 807 466 Berwicum
835 438 990 467 secum
1017 425 1264 474 duxerunt,
1288 436 1426 478 quam
1443 435 1638 494 ff'fffflff·

162 494 176 511 ‘
191 494 403 543 potenter
417 491 428 506 '
442 489 455 511 ¹
480 504 563 544 per
586 504 710 532 mare
734 496 781 532 et
801 504 883 544 per
907 496 1079 533 terram
1097 487 1407 532 obsederunt.²
1442 487 1542 548 mrsu}
1555 523 1587 547 of
1620 485 1627 491 '

230 555 317 596 Die
349 556 591 598 Dominica
627 557 836 611 proxima
874 562 980 599 ante
1013 555 1425 598 Annunciationem
1441 556 1582 582 swam.

163 622 467 672 Dominicam,
492 622 824 664 Archebaudus
849 622 1061 676 Douglas
1086 622 1271 675 Angliae
1308 634 1429 662 mar-
1441 600 1597 659 ’ἴαιῗέοέῖἓῖέ

162 687 310 728 chiam
349 701 452 729 cum
490 689 636 730 tribus
679 689 878 730 millibus
915 688 1120 737 intravit,
1162 700 1330 742 pagum
1371 687 1428 729 de
1441 667 1581 756 ‘ffiffiasr

164 752 420 795 Gilleslond
452 767 534 808 per
567 766 671 796 xvi.
696 755 853 796 leucas
878 754 927 795 in
960 754 1147 807 longum
1183 758 1230 795 et
1262 766 1347 795 sex
1382 753 1429 794 in
1442 735 1568 823 ῗέἷιῖξιῖ
1581 738 1607 756 ¹⁰

163 819 309 861 latum
332 821 599 870 combussit,
623 833 727 861 cum
751 820 908 874 praeda
944 832 1114 873 magna
1147 824 1194 861 et
1232 819 1428 872 captivis
1443 800 1521 825 ΜΝ
1544 805 1582 822 ‘³⁸'

162 886 209 926 in
232 886 431 927 Scotiam
457 886 554 927 sine
581 886 843 927 resistentia
866 885 1097 928 remeavit.
1166 884 1429 927 Anthonius

164 951 220 992 de
261 950 397 992 Lusci
437 951 603 992 nobilis
638 951 769 993 miles
801 956 847 992 et
889 951 1151 993 Willelmus
1185 951 1242 992 de
1279 950 1429 992 Lacu-

166 1016 382 1058 Mabonis
405 1030 510 1058 cum
532 1028 666 1058 Dccc.
689 1013 947 1058 hominibus
970 1022 1105 1058 nocte
1128 1016 1325 1070 quadam
1349 1029 1431 1070 per

167 1093 255 1124 xx.
270 1082 485 1124 milliaria
500 1083 704 1124 Scotiam
719 1083 917 1136 ingressi
929 1088 1052 1133 sunt,
1071 1088 1116 1124 et
1131 1083 1178 1123 in
1198 1082 1432 1125 redeundo

166 1146 528 1199 combusserunt,
541 1149 825 1199 occiderunt,
839 1155 886 1191 et
902 1150 1150 1190 maximam
1163 1149 1431 1191 animalium

166 1215 366 1268 praedam
408 1220 625 1269 ceperunt
644 1232 655 1263 ;
708 1216 875 1269 quibus
916 1215 1179 1257 willelmus
1221 1215 1433 1268 Douglas

167 1294 271 1322 cum
292 1293 461 1334 magna
484 1280 775 1323 multitudine
798 1282 1012 1331 occurrit,
1034 1281 1115 1322 sed
1136 1281 1342 1323 devictus
1364 1285 1435 1322 est

168 1352 215 1388 et
228 1353 391 1400 captus
406 1360 499 1388 una
513 1360 618 1389 cum
634 1347 868 1389 Willelmo
886 1347 1038 1389 Barde
1052 1351 1101 1388 et
1120 1351 1302 1388 centum
1317 1347 1433 1390 aliis.

171 1412 446 1454 Humfridus
490 1413 547 1454 de
587 1413 756 1464 Bosco,
797 1413 1074 1454 Humfridus
1117 1413 1173 1454 de
1212 1412 1435 1463 Garffino,

170 1479 354 1528 milites,
374 1479 635 1520 willelmus
656 1479 713 1520 de
732 1479 936 1521 Carliolo
957 1492 1061 1520 cum
1079 1483 1092 1501 ‘
1109 1478 1257 1520 ch.’⁸
1277 1479 1437 1521 valen-

171 1545 312 1595 tibus,
333 1544 489 1597 gladio
509 1545 756 1598 perierunt.
819 1545 925 1586 Rex
946 1544 1128 1598 Angliae
1150 1558 1253 1586 cum
1273 1545 1438 1587 militia
1451 1557 1495 1583 An
1509 1556 1627 1589 English

1451 1598 1530 1622 army
1542 1590 1650 1615 invests

173 1623 343 1663 magna
381 1611 438 1651 ad
477 1611 757 1651 obsidionem
801 1611 996 1652 Berwici
1033 1611 1159 1652 venit
1198 1624 1317 1653 nono
1350 1610 1434 1652 ka·
1452 1623 1591 1663 quwick.

174 1676 333 1718 lendas
359 1676 490 1726 Maii,
515 1676 769 1718 Edwardus
794 1676 850 1718 de
881 1676 1062 1718 Baliolo
1089 1682 1312 1730 tanquam
1351 1677 1434 1718 sti-
1450 1658 1586 1724 {ffli'z'a

175 1742 439 1796 pendiarius
460 1743 687 1784 auxilium
706 1743 999 1796 praebiturus,
1016 1743 1135 1784 unde
1155 1748 1202 1784 et
1223 1748 1235 1764 ‘
1252 1744 1433 1797 quinto-

175 1808 351 1850 decimo
368 1807 404 1830 ’4
425 1807 647 1850 kalendas
676 1809 706 1851 J
710 1808 805 1849 unii
835 1813 929 1850 tam
949 1822 1032 1862 per
1052 1822 1177 1850 mare
1196 1822 1334 1863 quam
1357 1823 1438 1863 per
1455 1822 1593 1853 roesam,

175 1878 343 1916 terram
396 1875 509 1916 villa
563 1875 760 1916 Berwici
803 1874 984 1916 fortiter
1025 1875 1113 1916 suit
1152 1881 1438 1929 expugnata.
1457 1856 1578 1888 Mum

177 1940 386 1982 Durante
417 1945 570 1982 autem
602 1940 777 1981 insultu
808 1941 962 1982 valido
994 1942 1259 1994 supervenit
1289 1942 1441 1983 subito

176 2006 391 2047 horribile
433 2006 694 2048 incendium
740 2007 863 2047 intra
906 2006 1079 2057 villam,
1121 2007 1240 2048 unde
1290 2008 1442 2048 animo

177 2073 456 2114 consternati
497 2073 575 2126 qui
619 2072 783 2113 inclusi
827 2077 935 2114 sunt
989 2077 1036 2113 et
1086 2073 1347 2114 conturbati
1396 2079 1443 2115 et

178 2138 286 2191 quid
313 2143 502 2191 agerent
534 2139 818 2191 ignorantes,
844 2139 1042 2191 gratiam
1072 2151 1247 2191 regum,
1269 2139 1442 2180 miseri-

179 2204 396 2254 cordiam,
434 2208 480 2244 et
517 2208 704 2256 treugas
741 2204 789 2245 in
832 2204 1096 2254 crastinum,
1132 2203 1266 2246 sactis
1307 2205 1444 2246 certis

180 2270 558 2324 promissionibus
605 2269 662 2310 de
719 2270 829 2311 villa
881 2276 927 2312 et
982 2274 1134 2312 castro
1187 2270 1445 2321 reddendis,

173 2336 437 2390 juramento
449 2335 655 2385 firmatis,
671 2339 684 2358 ‘
693 2340 854 2390 postea
864 2333 894 2358 '⁵
909 2341 1059 2378 tamen
1072 2349 1161 2377 non
1174 2337 1446 2386 observatiS‚

181 2403 413 2456 petierunt
437 2407 483 2443 et
507 2402 822 2444 obtinuerunt.

229 2567 238 2587 ¹
263 2570 274 2587 ‘
286 2570 462 2609 poterant‚'
487 2569 562 2601 MS.
590 2569 677 2601 Con.
702 2569 793 2601 Trin.
876 2566 889 2586 ³
911 2570 920 2587 ‘
932 2570 975 2602 c.'
993 2570 1069 2602 MS.
1086 2570 1174 2602 Cott.
1192 2570 1284 2603 Nero
1300 2571 1346 2603 D.
1364 2573 1402 2604 ii.

182 2617 415 2693 R·2⁵{4¹t⁰·this
451 2662 530 2692 time
565 2661 620 2693 the
651 2662 733 2693 Earl
764 2661 802 2693 os
876 2637 888 2657 ⁴
911 2638 1027 2670 ‘xvu.'
1053 2638 1154 2670 MSS.
1173 2638 1260 2671 Cott.
1286 2639 1379 2671 Nero
1402 2640 1449 2671 D.

182 2708 302 2740 March
338 2718 411 2739 was
449 2708 634 2739 lieutenant
670 2709 708 2739 of
742 2708 796 2739 the
830 2680 881 2723 ii’'
898 2685 963 2716 and
981 2684 1067 2716 0⁰¹¹·
1084 2684 1177 2717 Trin·
1194 2685 1237 2717 R·
1254 2689 1287 2726 ⁵²
1305 2688 1355 2718 ¹⁰·

182 2755 299 2793 castle,
314 2754 379 2785 and
395 2754 450 2785 sir
464 2754 660 2786 Alexander
675 2754 797 2785 Seaton
878 2751 890 2769 ⁵
915 2752 1068 2784 Omitted
1085 2753 1118 2783 in
1136 2752 1238 2785 MSS.
1250 2752 1340 2785 Cott.
1358 2753 1450 2785 Nero

183 2810 343 2841 governor
357 2800 395 2831 of
405 2799 460 2831 the
476 2803 565 2831 town
578 2800 615 2832 of
629 2801 797 2833 Berwick.
825 2799 876 2831 ·D.
895 2800 932 2831 ii.
949 2799 1015 2829 and
1032 2798 1119 2830 Coll.
1132 2798 1226 2831 Trin.
1244 2799 1283 2830 R.
1302 2802 1335 2839 5,
1352 2802 1404 2832 10,

1154 2892 1218 2919 x2
