2038 3306
483 318 710 349 WALTEm
743 319 805 349 DE
836 320 1214 354 HEMINGBURGH.
1383 313 1470 355 408

200 421 346 475 regni,
367 426 529 464 contra
562 421 858 465 fundatorum
893 424 1211 475 intentionem,
1239 427 1467 479 asportati
1486 437 1610 466 nav-m
1626 437 1685 463 111.

200 493 322 529 sunt.
407 486 537 538 Quos
594 488 775 542 quidem
832 503 1008 532 errores
1063 496 1109 533 et
1166 490 1370 533 defectus
1411 505 1466 535 ac
1483 471 1675 550 Τζζιέὃὶἰζί.

200 553 434 602 scandala,
464 559 596 607 pater
625 556 926 604 sanctissime,
959 557 1057 609 pati
1086 569 1176 598 non
1207 569 1463 610 possumus,
1483 557 1687 622 ssgsstggffffit

202 632 286 661 nec
309 620 445 661 etiam
464 619 710 672 debemus;
743 627 788 662 et
806 621 908 663 ideo
924 621 1155 665 humiliter
1173 623 1464 665 sanctitatem
1485 623 1638 650 ‘'mmm-

201 691 404 727 vestram
464 687 737 740 requirimus
793 688 1029 740 quatinus,
1081 688 1314 742 praedictis
1361 689 1464 732 dili-

200 758 362 804 genter
402 752 717 802 consideratis,
754 752 936 806 placeat
971 753 1258 796 excellentiae
1296 760 1465 798 vestrae

202 817 319 859 tales
362 819 708 868 reservationes,
749 819 1048 872 provisiones,
1094 826 1141 862 et
1194 819 1464 863 collationes

202 884 444 936 exintegro
474 896 707 934 revocare,
744 889 791 926 et
828 885 950 938 quod
989 885 1186 938 amplius
1224 899 1316 928 non
1352 887 1465 930 fiant

200 949 437 1001 ordinare3
479 962 561 1002 pro
581 949 805 1003 malisque
833 963 938 1003 quae
959 963 1019 992 ex
1042 951 1194 992 causis
1215 953 1464 1006 praemissis

202 1028 434 1068 emergere
456 1019 690 1068 poterunt,
713 1016 760 1055 in
794 1015 1000 1057 futurum
1035 1017 1282 1059 remedium
1318 1030 1463 1071 appo-

201 1094 308 1123 nere
338 1085 679 1135 opportunum:
712 1086 760 1122 et
787 1081 908 1134 quod
930 1082 1164 1131 beneficia,
1191 1082 1401 1134 aedificia,
1418 1089 1466 1127 et

199 1147 451 1197 libertates,
475 1159 580 1188 cum
611 1138 915 1201 pertinentiis,
935 1148 993 1189 ad
1018 1148 1234 1191 honorem
1259 1149 1349 1192 Dei
1384 1163 1466 1205 per

200 1226 422 1267 personas
444 1213 554 1254 dicti
574 1213 703 1266 regni
722 1212 903 1266 Angliae
923 1215 1022 1267 regi
1034 1215 1213 1268 possint
1225 1220 1272 1257 et
1283 1215 1465 1260 defendi

200 1285 248 1322 et
278 1279 443 1322 amodo
470 1280 731 1338 gubernari.
803 1279 1002 1333 Insuper
1028 1281 1267 1323 sanctitati
1299 1287 1465 1325 vestrae

201 1346 384 1400 placeat
438 1345 740 1388 intentionem
794 1350 994 1387 vestram
1051 1359 1190 1400 super
1245 1347 1466 1401 petitione

200 1417 359 1454 nostra
393 1412 490 1453 sine
527 1424 711 1453 morosa
745 1411 966 1453 dilatione
1007 1413 1139 1454 nobis
1180 1426 1262 1466 per
1305 1413 1463 1455 literas

203 1483 383 1520 vestras
403 1483 589 1520 sanctas
605 1477 881 1531 significare,
901 1478 1212 1532 intelligentes
1233 1492 1317 1532 pro
1339 1486 1465 1522 certo

202 1544 326 1597 quod
375 1544 607 1598 negligere
661 1557 753 1585 non
805 1544 1080 1585 intendimus
1123 1545 1234 1597 quin
1284 1544 1466 1588 labores

200 1615 382 1652 nostros
424 1615 471 1651 et
513 1622 700 1663 operam
751 1610 797 1651 in
857 1610 1010 1651 causis
1060 1611 1336 1663 supradictis
1383 1624 1466 1665 pro

201 1676 403 1717 remedio
424 1680 684 1729 opportuno
709 1680 755 1717 et
773 1676 1054 1717 correctione
1070 1676 1226 1718 debita
1246 1676 1466 1718 faciendis

202 1742 413 1784 celeriter
446 1754 747 1796 apponamus.
834 1741 892 1782 In
923 1754 1117 1795 quorum
1147 1742 1467 1785 'testimonium

202 1807 347 1850 literis
389 1807 490 1849 istis
535 1808 798 1862 patentibus
843 1807 999 1860 sigilla
1044 1812 1204 1849 nostra
1249 1809 1467 1861 apposui-

203 1887 320 1915 mus.
387 1874 563 1915 Datum
593 1874 639 1914 in
671 1874 806 1926 pleno
830 1873 1133 1927 parliamento
1163 1874 1285 1927 apud
1308 1874 1467 1916 West-

204 1940 531 1981 monasterium
564 1938 845 1981 octodecimo
881 1938 954 1980 die
982 1939 1114 1989 Maii,
1145 1951 1267 1981 anno
1303 1940 1467 1993 gratiae

202 2005 520 2047 M.GCGXL111.''

206 2155 395 2208 Qualiter
410 2156 499 2196 Rem
512 2154 678 2211 Anyliae
697 2154 865 2210 scripsit
881 2154 1014 2209 Paqoae
1026 2166 1109 2209 pro
1128 2152 1261 2195 eodem
1279 2154 1468 2210 Neyom‘o.

273 2276 303 2295 “
313 2272 614 2313 Sanctissimo
628 2271 674 2313 in
694 2270 881 2312 Christo
897 2270 1019 2323 patri
1031 2269 1216 2311 domino
1226 2269 1467 2319 Clementi,
1487 2281 1548 2307 The
1562 2281 1663 2313 King's

205 2339 363 2380 divina
384 2337 674 2391 providentia
689 2341 995 2379 sacrosanctae
1016 2335 1242 2377 Romanae
1263 2335 1468 2378 ecclesiae
1487 2315 1570 2380 Ῑὲἓῖξῗ
1579 2316 1691 2379 ζὲἕῖὲῖι

206 2417 384 2446 summo
420 2403 641 2457 pontifici,
678 2402 949 2451 Edwardus,
987 2401 1147 2443 eadem
1183 2402 1351 2454 gratia,
1385 2415 1467 2443 rex
1488 2381 1643 2472 &323³

206 2470 392 2524 Angliae
415 2474 461 2511 et
486 2469 694 2511 Franciae
716 2473 762 2510 et
785 2468 996 2509 dominus
1028 2466 1283 2517 Hiberniae,
1301 2467 1471 2509 devota
1488 2447 1564 2480 sm
1595 2465 1621 2489 ³

207 2536 375 2590 pedum
418 2535 579 2577 oscula
621 2535 875 2577 beatorum,
950 2531 1155 2575 Pensata
1196 2533 1317 2575 sedis
1358 2546 1469 2587 apo-

209 2602 386 2644 stolicae
430 2601 690 2650 clementia,
736 2612 842 2654 quae
882 2599 938 2641 de
974 2599 1174 2641 fomento
1213 2599 1470 2643 devotionis

210 2667 384 2709 Christi
412 2667 616 2709 fidelium
650 2671 698 2708 et
733 2666 987 2707 animarum
1022 2664 1188 2714 salute,
1217 2665 1335 2706 solet
1369 2677 1471 2707 esse

209 2746 385 2774 summe
408 2733 621 2782 sollicita,
644 2745 734 2774 non
764 2744 974 2784 quaerens
1005 2743 1109 2784 quae
1141 2735 1250 2772 sunt
1276 2743 1362 2772 sua
1391 2730 1472 2772 sed

209 2812 312 2852 quae
347 2803 454 2840 sunt
486 2799 640 2851 potius
662 2798 693 2840 J
697 2811 778 2841 esu
804 2796 991 2846 Christi,
1014 2800 1139 2838 tenet
1176 2796 1473 2849 probabiliter

1131 2877 1241 2905 002
