2004 3272
507 323 734 354 WALTER!
768 324 830 355 DE
861 325 1240 357 HEMINGBURGH.
1468 315 1497 355 9

296 506 517 551 Walle‘nses
535 514 814 559 surrexeerwnt,
836 514 873 550 et
895 508 1098 551 Leulinus
1117 507 1322 550 occiditur
1344 521 1437 550 oum

647 575 806 616 Fratre
824 589 895 617 suo
915 575 1078 617 David.

1526 507 1654 533 ‘Edward
1674 506 1699 533 1.

1534 541 1569 567 Δ.
1578 541 1613 566 D.
1629 541 1704 566 1282.

296 687 434 731 Anno
492 689 681 731 Domini
745 700 1057 730 mecnxxxn.
1122 689 1292 739 David,
1354 688 1498 731 frater
1513 698 1683 758 ffeffilyvelsh

231 755 412 797 Leulini
458 756 676 809 principis
711 755 911 805 Walliae,
943 756 1023 809 qui
1051 755 1099 796 in
1130 755 1309 796 duabus
1340 756 1498 809 primis

229 823 407 875 guerris
451 822 636 863 Walliae
677 822 776 875 regi
815 820 1000 874 Angliae
1044 826 1206 863 contra
1254 821 1498 864 Leulinum
1563 841 1569 843 >

229 888 419 929 fratrem
450 900 584 929 suum
617 892 804 929 strenue
842 887 1136 936 militaverat,
1161 891 1325 941 utpote
1361 901 1496 941 quem

228 953 363 994 donis
386 953 524 995 variis
545 957 592 995 et
612 953 980 1006 possessionibus
1004 953 1166 994 multis
1186 960 1276 994 'rex
1305 953 1405 1007 ipse
1432 954 1497 995 di-

228 1023 412 1061 taverat
434 1019 482 1060 in
498 1018 689 1072 Anglia,
712 1023 758 1061 et
773 1032 929 1061 caram
951 1019 1340 1072 consanguineam
1364 1033 1497 1062 suam

229 1086 376 1127 eidem
417 1085 718 1140 copulaverat
756 1085 804 1126 in
846 1098 1055 1136 uxorem,
1089 1098 1194 1127 cum
1230 1085 1373 1127 fratre
1412 1098 1497 1128 suo

230 1151 426 1194 Leulino
462 1151 768 1194 concordatus
801 1157 885 1194 est.
956 1151 1043 1194 Cui
1073 1155 1256 1194 ‘tamen
1276 1151 1307 1173 ’¹
1341 1152 1499 1194 intulit

228 1219 327 1272 ipse
359 1218 579 1259 Leulinus
603 1218 724 1272 quod
758 1231 993 1272 nunquam
1026 1218 1172 1272 ipsius
1205 1231 1363 1260 veram
1391 1231 1500 1260 con-

231 1289 499 1338 sequeretur
529 1284 778 1326 amicitiam
800 1285 890 1327 nisi
918 1285 1016 1337 regi
1039 1284 1225 1339 Angliae
1246 1285 1294 1326 in
1315 1290 1497 1327 tantum

232 1351 487 1393 efficeretur
526 1350 735 1392 inimicus
782 1351 830 1392 in
870 1355 1093 1405 quantum
1139 1351 1310 1392 dudum
1349 1351 1501 1394 fuerat

233 1431 368 1460 verus
391 1418 595 1458 amicus:
630 1422 677 1458 et
698 1417 764 1458 sic
790 1417 994 1459 Herodis
1017 1421 1063 1458 et
1084 1417 1224 1462 Pilati
1252 1418 1368 1459 inita
1389 1430 1499 1459 con-

232 1484 388 1526 cordia
409 1487 454 1524 et
474 1483 599 1524 facta
625 1483 944 1538 conjuratione
966 1483 1121 1525 valida
1151 1484 1503 1526 insurrexerunt

225 1551 278 1592 in
302 1549 498 1592 christos
529 1549 718 1591 Domini
741 1548 921 1603 Anglos
947 1549 1231 1599 innocentes,
1258 1555 1501 1604 ceperunt-

232 1630 321 1670 que
342 1616 400 1658 ad
434 1620 635 1658 castrum
661 1615 717 1657 de
741 1616 883 1670 Flynt
912 1616 1145 1658 dominum
1171 1616 1411 1669 Rogerum
1444 1617 1501 1658 de

233 1682 454 1737 Clyfford,
481 1695 616 1736 quem
642 1695 726 1724 rex
746 1681 931 1736 Angliae
958 1682 1125 1724 ibidem
1148 1682 1436 1736 praefecerat,
1456 1687 1502 1725 et

232 1754 352 1791 tetro
384 1749 556 1791 carceri
589 1748 902 1801 tradiderunt3
935 1748 1097 1791 deinde
1128 1754 1364 1791 vastantes
1395 1750 1502 1804 igne

233 1821 280 1858 et
317 1815 474 1869 gladio
516 1816 731 1869 quicquid
775 1815 923 1870 ipsius
966 1816 1088 1869 regis
1131 1816 1206 1857 vel
1240 1815 1501 1870 Anglorum

233 1883 502 1935 contingere
532 1886 798 1936 potuerunt.
870 1881 931 1924 Et
966 1882 1065 1924 haec
1096 1883 1280 1935 quidem
1316 1883 1503 1937 incepta

233 1954 342 1990 sunt
371 1949 418 1990 in
449 1954 655 2002 tempore
686 1954 848 1990 sancto
878 1948 999 1990 infra
1027 1948 1290 2002 passionem
1316 1949 1503 1991 Domini

232 2020 458 2057 sanctam.
527 2019 540 2038 ‘
559 2014 695 2067 Quod
719 2028 822 2056 cum
844 2015 1050 2057 audisset
1070 2010 1170 2066 rex,
1193 2015 1348 2066 misit,'
1362 2010 1378 2032 ²
1399 2020 1501 2057 tan-

234 2096 374 2136 quam
387 2081 508 2122 filius
522 2081 795 2131 catholicus,
816 2082 874 2123 ad
895 2086 1050 2135 patres
1069 2081 1334 2135 spirituales
1352 2081 1502 2123 archi-

234 2149 475 2202 episcopos
497 2153 544 2190 et
568 2148 811 2201 episcopos
841 2148 889 2188 in
920 2147 1008 2189 fide
1031 2146 1311 2197 Christiana,
1332 2160 1503 2201 rogans

235 2220 286 2256 ut
307 2216 433 2268 ipsos
455 2213 778 2255 malefactores
799 2218 846 2254 et
873 2226 1029 2255 eorum
1055 2213 1303 2267 complices
1334 2218 1382 2255 et
1400 2213 1502 2255 fau-

234 2286 357 2323 tores
378 2281 473 2334 qui,
494 2279 820 2333 tranquillitati
841 2284 888 2321 et
908 2279 1012 2333 paci
1035 2279 1240 2321 ecclesiae
1258 2284 1436 2322 sanctae
1457 2284 1504 2322 et

234 2347 365 2401 regni
406 2347 478 2388 sui
515 2346 784 2395 invidentes,
820 2345 1202 2399 depraedationes,
1243 2346 1503 2397 homicidia,

233 2413 459 2463 incendia,
483 2417 531 2454 et
554 2412 703 2454 multa
725 2412 933 2454 enormia
952 2417 1296 2466 perpetrarunt,
1316 2417 1505 2467 propter

234 2493 337 2534 quae
358 2480 407 2521 in
435 2472 657 2521 canonem
682 2478 792 2520 latae
814 2479 1057 2520 sententiae
1083 2479 1186 2532 ipso
1206 2479 1331 2521 facto
1351 2479 1505 2520 dinos-

282 2651 291 2671 ¹
316 2650 499 2690 ‘causam,’
511 2650 586 2683 MS.
605 2650 692 2682 Coll.
709 2650 804 2683 Arm,
886 2650 1091 2690 observaret,
1114 2649 1174 2681 sed
1203 2649 1350 2689 frustra3
1380 2651 1507 2691 quippe

280 2696 293 2715 ²
323 2699 333 2716 ‘
351 2698 454 2731 Quod
490 2707 567 2728 cum
604 2697 757 2728 audisset
792 2706 850 2728 rex
888 2697 1051 2728 Leulinus
1082 2696 1126 2727 ad
1158 2705 1276 2736 pacem
1307 2697 1412 2728 indici
1441 2708 1507 2729 non

234 2755 335 2786 quam
360 2754 436 2776 cum
463 2753 542 2784 rege
568 2743 695 2775 dudum
727 2744 852 2775 fecerat
887 2746 1029 2783 poterat,
1051 2746 1126 2782 post
1154 2742 1303 2774 triduum
1333 2743 1509 2775 descendit

234 2794 358 2832 scripto
371 2791 496 2831 pariter
507 2791 735 2830 etjuramento
747 2790 850 2821 valla-
888 2789 1163 2829 archiepiscopus
1201 2789 1323 2822 infecto
1362 2791 1506 2831 negotio.

232 2842 314 2879 tam,
337 2837 515 2877 foedusque
539 2837 629 2877 quod
654 2837 851 2877 pepigerant
885 2837 981 2868 Tunc
997 2846 1057 2868 rex
1072 2834 1187 2877 misit,’
1204 2836 1278 2869 MS.
1297 2837 1421 2869 Lansd.

1519 1629 1611 1661 Roger
1622 1630 1657 1655 de

1517 1664 1631 1689 Clifford

1517 1698 1604 1722 taken
1617 1697 1672 1729 pri-

1518 1738 1613 1756 soner-

1520 2293 1612 2319 Wales
1624 2292 1683 2318 laid

1520 2327 1612 2352 under

1519 2360 1661 2386 interdict.
