1992 3202
323 409 442 434 Edwnrd
455 409 478 434 1.

322 442 357 466 A.
366 442 400 466 D.
417 443 491 467 129³.

305 1461 366 1485 The
380 1459 496 1498 {English

306 1501 352 1518 are
364 1495 474 1518 victori-

304 1534 364 1551 ous-

312 2636 386 2667 King
399 2636 453 2661 Ed-

309 2670 382 2694 ward
394 2676 471 2694 sum-

518 284 576 325 42
1011 291 1289 323 GHRONIGON

522 412 609 451 que
644 399 762 439 inter
802 408 879 437 eos
914 395 1028 436 talia
1062 396 1201 448 longo
1234 396 1480 437 certamine
1516 400 1783 447 gererentur

522 464 672 505 missis
700 461 995 503 internunciis
1019 461 1193 513 placuit
1213 462 1397 502 tandem
1420 461 1628 515 partibus
1653 466 1780 501 certo

520 530 591 570 die
622 527 837 581 congredi
866 539 968 567 cum
999 530 1098 567 toto
1133 527 1388 576 conamine,
1420 527 1595 568 scilicet
1615 531 1779 579 quarto

520 595 693 635 decimo
717 594 790 635 die
811 591 1001 645 Aprilis,
1021 591 1117 632 fixo
1140 592 1183 632 le
1207 592 1426 633 standard
1453 593 1585 645 quasi
1615 593 1662 632 in
1683 604 1776 632 me-

520 660 594 700 dio
616 659 731 700 mari
760 659 880 699 inter
900 657 1117 710 Angliam
1141 662 1188 698 et
1208 657 1556 707 Normanniam,
1576 656 1640 698 ibi
1660 658 1778 698 enim

519 738 578 766 ex
600 724 829 766 communi
863 735 1054 765 assensu
1085 722 1449 764 anchoraverant
1477 734 1641 763 navem
1674 735 1778 775 per-

520 790 735 843 grandem
787 794 833 831 et
874 802 1066 830 vacuam
1109 789 1156 829 in
1208 789 1391 842 signum
1443 787 1780 840 congressionis

519 856 766 897 faciendae:
811 855 994 896 interim
1031 867 1139 896 vero
1176 853 1363 907 Anglici
1391 854 1683 895 sociaverunt
1713 852 1779 893 eis

521 921 795 963 Hibernicos
831 925 876 962 et
899 920 1233 974 Hoylandicos,
1265 920 1521 961 Normanni
1555 932 1665 960 vero
1699 918 1780 959 ad-

519 988 749 1028 duxerunt
780 986 867 1027 sibi
897 986 1115 1035 Francos,
1146 986 1467 1034 Flandrenses‚
1501 990 1547 1026 et
1579 985 1778 1025 marina-

520 1053 612 1094 rios
635 1053 691 1094 de
713 1051 855 1093 Gene.
925 1050 1212 1092 Adveniente
1235 1052 1415 1092 demum
1438 1051 1527 1100 die,
1551 1063 1777 1092 convene-

520 1125 627 1159 runt
664 1118 830 1159 ibidem
865 1117 1004 1158 armis
1035 1116 1209 1157 bellicis
1242 1116 1516 1157 sufficienter
1549 1116 1780 1164 instructi,

519 1189 566 1225 et
588 1183 708 1224 sicut
738 1183 785 1223 in
808 1183 873 1223 eis
902 1182 1052 1223 fuerat
1081 1182 1326 1235 disparitas
1356 1183 1611 1222 animorum
1639 1181 1704 1222 sic
1732 1185 1778 1221 et

521 1249 679 1289 eodem
709 1248 782 1288 die
805 1247 999 1299 contigit
1027 1248 1231 1288 maxima
1265 1247 1556 1300 inaequalitas
1590 1246 1780 1287 elemen-

520 1318 688 1364 torum,
720 1313 839 1354 nivis
877 1312 1050 1354 scilicet
1080 1317 1126 1354 et
1156 1312 1392 1365 grandinis
1422 1313 1637 1366 ventique
1663 1311 1779 1354 vali-

520 1379 723 1428 dissimi3
759 1383 1109 1432 consertumque
1137 1383 1207 1420 est
1242 1391 1383 1430 grave
1416 1378 1630 1431 proelium
1660 1378 1780 1418 inter

520 1449 692 1498 partes,
731 1449 778 1485 et
820 1444 1004 1485 tandem
1037 1444 1274 1485 victoriam
1312 1443 1437 1485 dedit
1475 1444 1646 1485 nostris
1680 1443 1780 1496 ipse

521 1511 650 1551 Deus
709 1510 1012 1563 omnipotens,
1059 1510 1383 1563 perieruntque
1432 1509 1586 1561 gladio
1635 1509 1781 1550 multa

519 1576 662 1616 millia
683 1580 850 1628 praeter
870 1576 1129 1616 submersos
1159 1588 1263 1615 cum
1294 1575 1487 1615 navibus
1509 1575 1641 1627 quasi
1675 1574 1779 1615 infi-

519 1641 658 1690 nitos,
690 1641 1062 1693 reduxeruntque
1098 1640 1245 1682 nostri
1271 1646 1461 1682 onustas
1492 1628 1594 1681 cum
1623 1640 1782 1693 praeda

519 1719 660 1747 naves
698 1707 879 1747 circiter
912 1705 1069 1747 cch.¹
1140 1706 1258 1756 Quae
1289 1719 1392 1747 cum
1431 1706 1649 1759 Philippo
1682 1706 1781 1758 regi

523 1772 802 1813 Francorum
844 1772 1060 1813 nunciata
1099 1771 1307 1821 fuissent,
1350 1771 1456 1813 licet
1497 1772 1639 1813 frater
1678 1771 1779 1825 ejus

523 1837 717 1878 Carolus
760 1836 897 1891 hujus
935 1837 1114 1879 navalis
1154 1837 1304 1890 proelii
1342 1842 1502 1878 auctor
1533 1838 1781 1887 extitisset,

521 1904 672 1944 missis
706 1907 859 1944 tamen
894 1903 950 1944 ad
989 1916 1146 1956 regem
1176 1902 1361 1956 Angliae
1399 1903 1576 1944 nunciis
1611 1903 1780 1944 obnixe

521 1968 653 2021 petiit
672 1969 887 2010 emendas
905 1969 993 2009 sibi
1010 1969 1120 2018 fieri,
1137 1974 1440 2022 auctoresque
1459 1969 1570 2010 facti
1592 1969 1783 2022 punien-

521 2033 604 2074 dos
623 2034 760 2083 tradi,
775 2038 822 2074 et
838 2034 1060 2075 infinitam
1079 2035 1284 2087 pecuniae
1305 2047 1527 2075 summam
1544 2047 1627 2088 pro
1647 2034 1782 2087 spoli-

521 2099 673 2140 atione
695 2103 998 2140 mercatorum
1021 2112 1207 2140 suorum
1226 2100 1425 2142 liberari.
1497 2100 1677 2151 Quibus
1698 2113 1780 2140 rex

521 2170 676 2206 noster
723 2165 971 2217 prudenter
1013 2165 1250 2218 respondit
1289 2166 1410 2218 quod
1452 2179 1533 2218 per
1574 2166 1782 2219 proprios

521 2230 807 2282 responsales
840 2231 898 2271 ad
929 2231 1216 2283 interrogata
1246 2231 1570 2284 responderet;
1611 2231 1783 2271 missis-

521 2308 610 2348 que
640 2296 818 2336 nunciis
849 2297 1032 2349 rogavit
1060 2310 1215 2349 regem
1253 2296 1534 2338 Francorum
1563 2302 1782 2350 tanquam

520 2366 755 2413 parentem
786 2366 833 2402 et
867 2362 1099 2402 dominum
1135 2367 1188 2404 ut
1220 2367 1371 2403 certos
1406 2363 1524 2403 diem
1557 2367 1603 2403 et
1631 2362 1780 2403 locum

522 2427 776 2467 nominaret
806 2427 864 2468 ad
898 2440 1013 2480 quos
1045 2441 1149 2469 cum
1185 2428 1416 2468 communi
1455 2427 1644 2468 consilio
1681 2427 1784 2468 hinc

522 2492 624 2532 inde
660 2498 973 2545 properarent,
1009 2493 1313 2533 amicabiliter
1350 2506 1487 2546 super
1524 2492 1786 2546 hujusmodi

524 2559 781 2608 tractaturi,
797 2563 843 2599 et
866 2558 1032 2599 facturi
1055 2558 1246 2599 ulterius
1259 2559 1380 2611 quod
1403 2559 1505 2612 ipsa
1527 2559 1592 2599 rei
1617 2559 1785 2599 veritas

523 2623 748 2664 suaderet.
811 2623 945 2674 Quod
987 2624 1169 2677 quidem
1211 2624 1416 2665 oblatum
1453 2637 1534 2665 rex
1579 2624 1785 2664 Franciae

573 2723 581 2741 ¹
606 2725 771 2764 Compare
794 2726 877 2757 with
903 2726 970 2757 this
997 2727 1053 2758 the
1080 2736 1134 2757 ac·
1169 2727 1348 2758 histor-iaus
1358 2727 1508 2758 Wiffiam
1520 2727 1562 2758 de
1576 2728 1607 2758 N
1612 2727 1708 2767 angis
1720 2728 1787 2758 and

524 2773 641 2801 counts
651 2771 731 2802 of'l'.
741 2772 858 2803 Wikes
869 2773 933 2803 and
946 2772 999 2804 the
1007 2772 1134 2804 French
1171 2773 1302 2804 Paulus
1319 2773 1486 2804 AEmilius.
