2038 3306
502 293 728 326 wAn'rEm
762 294 826 324 DE
854 294 1231 326 nssnmcnuncn.
1408 284 1495 326 215

230 405 330 444 suo,
357 395 608 450 statimque
641 396 749 439 fecit
783 398 1087 451 peremptorie
1122 397 1256 439 citari
1290 397 1488 451 priorem

230 465 277 502 et
297 467 446 503 certas
469 475 689 516 personas
713 463 770 504 de
793 468 1038 514 conventu,
1060 463 1183 518 quod
1214 463 1261 504 in
1284 463 1488 505 crastino

230 535 546 580 comparerent
582 529 630 570 in
662 530 818 571 eadem
861 530 1069 580 ecclesia,
1110 530 1198 571 sibi
1229 542 1370 583 super
1402 529 1487 570 hu-

222 591 427 646 jusmodi
459 600 726 650 contemptu
762 596 1039 650 responsuri.
1108 595 1170 637 Et
1203 596 1312 650 quia
1335 596 1488 637 vocati

227 670 319 700 non
348 667 706 714 comparuerunt
734 662 782 703 in
811 662 1062 704 crastinum
1095 661 1309 716 deposuit
1336 661 1486 715 ipsum

228 725 441 777 priorem,
477 732 523 769 et
554 729 971 770 excommunicavit
1003 728 1170 770 fratres
1208 728 1287 781 qui
1323 727 1371 768 in
1405 728 1486 769 ob-

226 793 470 834 servantiis
505 794 793 847 regularibus
823 793 1062 835 obedirent
1101 793 1273 841 eidem;
1313 806 1485 847 praece-

227 857 386 911 pitque
437 859 674 901 monachis
732 864 785 901 ut
843 859 984 900 alium
1036 871 1140 900 cum
1193 859 1486 901 festinatione

224 922 461 975 eligerent.
530 925 594 966 Et
622 925 731 978 quia
760 924 1039 967 distulerunt
1068 924 1154 966 hoc
1177 924 1328 966 facere
1351 925 1485 966 haesi-

225 991 392 1039 tantes,
435 991 636 1032 arctavit
679 1004 757 1033 eos
806 991 854 1032 in
899 991 1040 1041 victu,
1083 1003 1175 1031 non
1215 991 1484 1044 permittens

223 1067 306 1107 per
347 1061 505 1109 portas
536 1058 663 1099 urbis
701 1057 946 1111 quicquam
988 1056 1146 1098 inferri
1180 1056 1239 1098 ad
1274 1070 1370 1107 eos,
1400 1070 1483 1099 nec

223 1120 348 1173 ipsos
373 1123 542 1175 egredi,
573 1137 655 1165 nec
686 1123 788 1165 aliis
818 1124 1008 1178 patebat
1027 1123 1276 1176 ingressus.
1338 1122 1480 1165 Cum-

166 1242 172 1248 ,
222 1199 311 1239 que
333 1188 380 1228 in
404 1194 533 1231 arcto
557 1190 623 1231 sic
645 1190 784 1244 positi
814 1194 982 1240 essent,
1003 1195 1049 1231 et
1073 1189 1206 1242 quasi
1235 1188 1482 1231 deficerent

221 1252 454 1304 victualia,
479 1256 691 1297 timentes
721 1256 819 1297 fieri
850 1255 1010 1310 pejora
1034 1255 1274 1309 prioribus,
1295 1268 1479 1309 proces-

218 1325 376 1361 serunt
416 1325 463 1362 et
496 1321 736 1375 elegerunt
769 1327 930 1363 contra
960 1334 1131 1363 morem
1162 1321 1295 1375 quasi
1332 1321 1480 1374 major

221 1397 329 1438 pars
369 1387 595 1440 quendam
634 1388 890 1430 Henricum
928 1387 984 1429 de
1026 1387 1229 1442 Luceby,
1268 1387 1348 1441 qui
1390 1388 1478 1430 fuit

221 1450 460 1493 familiaris
497 1455 730 1508 episcopo,
763 1467 817 1496 eo
853 1453 974 1508 quod
1007 1454 1257 1508 sperabant
1299 1453 1476 1507 episco-

218 1529 325 1569 pum
362 1531 498 1571 posse
535 1520 710 1573 placari
742 1533 824 1573 per
854 1533 972 1561 eum.
1044 1519 1137 1571 Qui
1172 1524 1476 1573 praesentatus

214 1583 445 1637 episcopm
485 1586 659 1640 absque
694 1585 962 1627 difficultate
996 1585 1224 1627 admissus
1265 1591 1351 1635 est,
1393 1586 1473 1627 sed

213 1661 316 1690 cum
351 1650 580 1693 installari
609 1652 857 1702 debuisset,
889 1652 1064 1693 invenit
1095 1651 1346 1693 Ricardum
1380 1653 1473 1705 pri-

214 1728 338 1756 orem
381 1717 428 1757 in
474 1719 612 1760 stallo
655 1731 740 1760 suo
789 1718 1115 1759 reclamantem
1162 1722 1214 1758 ut
1259 1718 1387 1771 prius
1427 1723 1473 1759 et

213 1782 534 1836 appellantem.
596 1784 661 1827 At
688 1785 755 1826 illi
785 1784 1069 1838 episcopales
1089 1789 1136 1826 et
1158 1784 1343 1837 quidam
1368 1783 1471 1825 falsi

211 1848 375 1890 fratres
411 1851 637 1904 appositis
671 1851 881 1892 manibus
916 1855 1220 1892 extraxerunt
1249 1850 1470 1891 christum

213 1915 401 1957 Domini
433 1916 489 1958 de
524 1918 626 1959 loco
662 1930 762 1967 suo,
791 1917 1025 1959 tradentes
1058 1916 1294 1966 custodiae,
1317 1921 1363 1957 et
1391 1916 1468 1958 de-

210 1994 334 2022 mum
377 1983 663 2025 recludentes
712 1985 759 2025 in
807 1982 1031 2024 horrendo
1076 1982 1272 2024 carceris
1316 1994 1470 2035 ergas-

208 2048 319 2096 tulo,
360 2048 506 2101 primo
541 2050 725 2104 quidem
771 2049 890 2090 infra
933 2053 1066 2102 septa
1100 2048 1381 2097 monasterii,
1422 2053 1470 2089 et

207 2114 408 2155 secundo
430 2116 476 2155 in
492 2120 660 2157 castro.
722 2115 991 2168 Mansitque
1011 2115 1078 2155 sic
1096 2113 1281 2155 clausus
1302 2113 1349 2154 in
1369 2125 1468 2154 car-

208 2193 309 2221 cere
339 2180 480 2233 longo
504 2187 724 2235 tempore,
749 2186 795 2222 et
820 2180 1007 2234 quidam
1030 2193 1090 2221 ex
1114 2179 1350 2220 monachis
1374 2179 1468 2220 suis

208 2246 440 2299 prosecuti
468 2252 578 2288 sunt
609 2246 965 2301 appellationem
1001 2246 1048 2286 in
1084 2246 1213 2286 curia
1249 2245 1468 2295 Eborum,

207 2325 291 2353 nec
307 2314 487 2354 curavit
505 2313 763 2367 episcopus,
784 2326 838 2354 eo
860 2312 982 2366 quod
997 2312 1230 2353 animosus
1246 2316 1361 2360 erat,
1375 2324 1467 2352 non

207 2378 373 2420 timens
417 2379 642 2420 hominem
684 2392 832 2433 neque
872 2391 1040 2432 regem.
1111 2376 1320 2418 Tandem
1356 2390 1466 2419 vero

207 2445 393 2498 quidam
417 2458 477 2486 ex
505 2445 741 2495 fratribus,
763 2458 846 2499 pro
871 2445 990 2486 bono
1021 2443 1164 2498 pacis,
1185 2443 1465 2484 induxerunt

204 2511 354 2564 ipsum
388 2511 640 2553 Ricardum
674 2511 867 2565 priorem
906 2515 958 2552 ut
988 2510 1151 2563 gratiae
1182 2509 1385 2563 episcopi
1415 2522 1464 2550 se

205 2583 500 2631 supponeret,
542 2582 588 2619 et
630 2582 800 2619 statum
837 2577 1106 2630 resignaret,
1142 2575 1463 2629 promittentes

204 2644 467 2697 episcopum
498 2645 544 2685 in
575 2643 836 2697 provisione
866 2643 951 2684 sibi
989 2640 1199 2683 facienda
1228 2640 1325 2682 fore
1356 2653 1461 2694 gra-

205 2709 390 2760 tiosum,
406 2723 489 2751 nec
510 2710 625 2751 alias
647 2710 797 2764 ipsum
820 2708 993 2763 placari
1014 2720 1148 2762 posse
1167 2707 1279 2761 quin
1302 2711 1460 2761 tyran-

203 2775 352 2816 nidem
377 2781 611 2818 exerceret
634 2775 793 2817 durius
814 2775 858 2816 in
881 2775 1098 2816 futurum.
1161 2772 1255 2824 Qui
1277 2772 1460 2815 tandem

1510 409 1514 412 ’
1530 408 1648 435 Edward
1661 409 1687 435 1.

1524 442 1560 467 A.
1572 443 1607 468 D.
1621 443 1696 468 1300.

1507 495 1677 522 Dissension

1506 528 1632 555 between
1645 530 1694 555 the

1506 561 1613 594 Bishop
1625 563 1683 588 and

1506 595 1585 620 Prior
1596 595 1627 620 of

1505 628 1644 654 Durlnm.

1506 671 1565 696 The
1576 671 1650 703 prior
1664 671 1687 697 is

1504 705 1624 736 deposed
1636 706 1691 730 and

1503 737 1685 770 imprisoued.

1502 2386 1534 2412 A.
1547 2387 1582 2413 Ι).
1598 2388 1670 2414 1301.
