2038 3306
619 361 706 404 420
1098 370 1382 405 'canonicon

408 489 526 515 mma
547 488 603 515 111.
622 476 792 518 ducatu
807 476 1060 518 Britanniae
1078 476 1409 530 praetendentes
1423 489 1472 517 se
1485 475 1564 531 jus
1582 476 1764 526 habere,
1778 476 1874 517 fore

423 522 502 548 mn.
516 523 593 548 ’δ’δ’
623 542 886 592 dissolutas,
907 554 1083 596 nosque
1105 543 1164 583 ab
1188 554 1344 583 earum
1367 542 1684 584 observatione
1706 542 1874 583 liberos

407 577 517 602 Letters

408 609 554 673 {²332}ss
623 613 670 650 et
701 613 896 659 exut0s;
933 608 1174 662 praefatum
1206 607 1488 661 Philippum,
1517 613 1569 649 ut
1605 608 1873 650 violatorem

407 675 584 740 {effiffgssge
624 675 849 716 dictarum
883 679 1163 727 treugarum,
1208 686 1263 715 ac
1297 674 1529 715 inimicum
1567 679 1613 715 et
1662 686 1875 727 persecu-

407 741 608 807 gssfffissgggg‘
625 745 770 782 torem
791 745 994 782 nostrum
1017 739 1275 794 capitalem,
1292 745 1338 781 et
1360 739 1489 793 regni
1507 740 1653 781 nostri
1670 739 1877 781 Franciae

407 808 447 865 ¹1²3}
448 808 521 866 gggh
626 810 946 860 occupatorem
987 806 1221 861 injustum,
1258 810 1306 847 et
1335 805 1528 847 aliorum
1565 806 1738 860 jurium
1771 817 1876 846 nos-

411 873 498 906 Kfnss·
626 877 801 914 trorum
850 872 1142 914 temerarium
1193 872 1467 922 invasorem,
1513 872 1631 913 sicut
1684 871 1878 924 impellit

627 938 891 989 necessitas,
941 937 1227 990 diffidamus3
1281 942 1586 992 protestantes
1635 949 1718 978 nos
1757 937 1878 978 nolle

627 1005 870 1059 quicquam
891 1004 937 1045 in
961 1004 1197 1054 offensam,
1222 1004 1344 1058 quod
1372 1005 1507 1053 absit,
1530 1004 1674 1057 ipsius
1706 1003 1878 1044 domini

627 1071 791 1112 summi
842 1070 1070 1124 pontificis
1119 1070 1193 1111 vel
1254 1070 1374 1111 sedis
1431 1069 1712 1123 apostolicae,
1761 1082 1876 1122 quos

626 1137 824 1178 revereri
858 1137 1067 1189 cupimus
1102 1137 1150 1177 in
1184 1136 1408 1185 omnibus,
1443 1140 1495 1176 ut
1529 1135 1759 1184 debemus,
1795 1148 1878 1176 nec

628 1203 676 1242 in
701 1201 895 1255 alicujus
915 1201 1127 1256 injuriam
1159 1206 1461 1255 attemptare3
1493 1200 1573 1241 sed
1599 1200 1748 1242 solum
1775 1212 1878 1241 cum

628 1267 839 1308 ordinato
868 1267 1176 1308 moderamine
1210 1267 1317 1321 jura
1362 1271 1520 1308 nostra
1553 1266 1780 1320 prosequi,
1834 1272 1879 1308 et

628 1333 868 1374 defendere
907 1346 997 1374 nos
1030 1338 1076 1375 et
1115 1339 1288 1374 nostra.
1370 1333 1454 1374 Est
1501 1337 1654 1374 tamen
1701 1345 1880 1385 semper

627 1399 892 1440 intentionis
912 1403 1083 1440 nostrae
1106 1412 1264 1453 pacem
1286 1398 1602 1440 rationabilem
1625 1398 1882 1440 amabiliter

628 1465 883 1515 admittere,
931 1479 1035 1507 cum
1084 1478 1185 1507 eam
1242 1465 1408 1507 habere
1463 1465 1713 1518 poterimus
1762 1465 1880 1506 bono

627 1530 762 1572 modo
780 1544 792 1584 3
824 1531 922 1572 haec
943 1537 1112 1581 autem,
1128 1544 1230 1585 quae
1248 1536 1436 1585 propter
1453 1530 1680 1578 defectum
1697 1530 1882 1572 remedii

625 1596 819 1639 facimus
852 1602 898 1639 et
926 1598 1073 1648 inviti,
1107 1597 1229 1639 dicto
1262 1597 1442 1638 domino
1472 1610 1650 1639 summo
1680 1597 1883 1651 pontifici

627 1663 923 1717 praefatisque
978 1664 1302 1714 cardinalibus,
1358 1676 1439 1717 per
1496 1676 1687 1722 quorum
1741 1663 1881 1704 medi-

628 1729 827 1770 ationem
872 1729 1006 1770 dictis
1046 1730 1219 1782 treugis
1254 1729 1580 1778 consensimus,
1622 1729 1880 1782 significare

628 1793 861 1845 duximus,
900 1808 983 1848 per
1028 1808 1123 1844 eos,
1171 1800 1224 1836 ut
1271 1807 1487 1849 personas
1527 1795 1717 1845 medias,
1759 1795 1880 1849 parti

629 1859 762 1901 alteri
783 1860 974 1902 ulterius
996 1861 1264 1902 intimanda.
1335 1861 1412 1911 Et,
1432 1874 1489 1902 ne
1516 1860 1640 1902 fama
1664 1860 1881 1911 volatilis,

627 1924 746 1967 fictis
787 1931 834 1967 et
870 1926 1158 1968 detractoriis
1197 1926 1423 1968 conducta
1456 1926 1691 1976 relatibus,
1721 1939 1804 1968 vos
1834 1927 1882 1966 in

627 1990 714 2032 hac
764 1997 896 2045 parte
939 1992 1063 2033 aliud
1107 1992 1163 2033 de
1203 1993 1333 2033 nobis
1388 1993 1557 2033 sentire
1606 1992 1762 2042 faciat,
1806 1991 1882 2033 vel

627 2057 874 2098 amicorum
897 2058 1035 2099 corda
1054 2059 1304 2111 perturbet,
1328 2071 1488 2111 puram
1516 2064 1562 2099 et
1575 2057 1750 2112 justam
1773 2057 1883 2099 sacti

628 2123 868 2165 veritatem
893 2124 1023 2165 vobis
1051 2124 1267 2165 duximus
1295 2123 1629 2177 explicandam,
1657 2124 1879 2164 universi-

626 2189 713 2230 tati
733 2194 896 2231 vestrae
917 2195 1119 2231 nostram
1141 2190 1558 2232 recommendantes
1578 2190 1880 2231 innocentiam

627 2259 673 2295 et
686 2254 882 2309 justitiae
905 2256 1159 2298 veritatem.
1222 2257 1396 2298 Datum
1419 2256 1541 2310 apud
1565 2256 1879 2298 westmonas-

627 2321 789 2362 terium
813 2333 916 2363 xlv.
941 2322 1014 2363 die
1046 2322 1076 2363 J
1080 2322 1192 2372 unii,
1220 2335 1340 2363 anno
1370 2323 1497 2375 regni
1533 2322 1676 2363 nostri
1697 2321 1880 2374 Angliae

626 2386 805 2429 decimo
836 2401 973 2438 nono,
997 2389 1126 2441 regni
1147 2401 1255 2430 vero
1275 2389 1419 2430 nostri
1442 2388 1647 2429 Franciae
1668 2392 1815 2429 sexto.

673 2523 862 2575 Qualiter
884 2525 974 2566 Reoe
993 2525 1189 2567 Franciae
1207 2526 1372 2581 scripsit
1391 2525 1540 2567 David
1561 2526 1664 2581 Reqv:
1687 2524 1843 2566 Scotiae.

409 2628 594 2706 Τῖ-θῡὲἰζῗό-
694 2622 800 2664 Hoc
836 2636 958 2666 anno
996 2637 1076 2666 rex
1109 2623 1292 2678 Angliae
1313 2625 1568 2667 Edwardus
1598 2629 1880 2677 congregato

410 2705 531 2730 masin
626 2701 792 2742 magno
837 2690 1056 2740 exercitu,
1091 2691 1286 2732 transito
1324 2703 1542 2744 prospere
1584 2690 1714 2739 mari,
1756 2690 1876 2743 apud

411 2738 582 2771 N⁰¹m³¹¹dy'
625 2757 638 2775 ‘
659 2753 853 2808 Hogges
870 2751 905 2774 ’¹
932 2756 979 2796 in
1001 2755 1286 2798 Normannia
1306 2757 1541 2811 applicuit.
1603 2755 1725 2798 Ante
1747 2755 1878 2810 cujus

985 2863 995 2883 ¹
1021 2866 1071 2898 La
1087 2866 1211 2907 Hogue
1228 2867 1262 2898 in
1279 2867 1325 2898 Le
1343 2867 1507 2899 Cotentin.
