2038 3306
495 323 721 354 wAn'rfflu
755 324 817 354 nn
850 324 1223 355 nssnuNGBURGH.
1403 311 1489 354 187

224 430 461 479 sumptus;
494 426 569 466 cui
603 427 826 468 successit
860 426 1064 469 Thomas
1102 427 1158 468 de
1191 426 1488 482 Corebrygge
1523 435 1687 496 {⁶3³5}ss

222 492 268 532 in
309 493 512 533 crastino
548 492 709 533 Sancti
742 493 932 534 Martini
965 493 1156 544 electus,
1192 498 1238 535 et
1274 493 1322 534 in
1359 492 1489 534 curia
1506 525 1664 556 „mmm”

223 570 357 611 papae
380 558 678 600 confirmatus
701 559 859 600 eodem
882 572 1019 601 anno.
1506 558 1580 584 Nov·
1595 558 1636 583 ¹2·

658 755 845 797 Mutatio
863 754 923 796 M
919 759 1055 796 onetae.

293 912 466 954 Eodem
490 925 612 954 anno
636 907 756 954 infra
779 911 965 954 Natalis
996 912 1222 954 solemnia
1251 912 1489 966 prohibuit
1506 927 1580 952 Base
1591 925 1708 958 coinage

222 991 304 1019 rex
337 991 515 1019 omnem
550 983 780 1019 monetam
805 978 1111 1031 alienigenam
1146 979 1192 1019 in
1229 983 1354 1020 terra
1387 992 1489 1029 sua,
1505 959 1672 993 ¹²¹⁰h¹bit⁶d'

222 1057 277 1085 ne
309 1044 501 1086 ulterius
534 1057 617 1098 pro
648 1044 870 1097 sterlingo
899 1043 1134 1086 curreret.¹
1205 1044 1490 1087 Mercatores

221 1111 340 1151 enim
363 1111 630 1164 alienigenae
651 1110 1006 1152 introduxerant
1025 1111 1072 1152 in
1094 1109 1311 1163 Angliam
1332 1124 1489 1153 mone-

221 1181 293 1217 tas
312 1176 533 1230 plurimas
550 1181 596 1218 et
615 1177 800 1231 pessimi
821 1177 1010 1227 metalli,
1031 1176 1362 1230 pollardorum,
1384 1190 1485 1219 cro-

219 1243 478 1293 cardorum,
503 1243 842 1296 scaldingorum
869 1243 1187 1293 Brabantium‚
1209 1244 1486 1297 aquilarum,
1550 1261 1553 1263 >

219 1309 506 1350 leoninarum
530 1309 871 1360 dormientium,
896 1315 943 1351 et
972 1309 1167 1351 aliorum
1198 1308 1485 1352 diversorum

217 1376 467 1417 nominum.
539 1375 775 1428 Erantque
799 1388 956 1417 omnes
979 1380 1177 1417 monetae
1200 1375 1318 1417 albae
1341 1380 1486 1430 ‘prae-

216 1442 457 1483 tendentes
472 1440 508 1463 '²
531 1448 790 1495 argentum,
813 1447 858 1484 et
881 1447 1012 1483 erant
1036 1441 1340 1484 artificialiter
1359 1455 1484 1485 com-

216 1508 379 1560 positae
403 1508 459 1548 de
483 1512 690 1560 argento,
714 1521 857 1561 cupro
881 1512 927 1549 et
949 1508 1186 1561 sulphure,
1209 1521 1291 1550 nec
1314 1514 1414 1550 erat
1436 1510 1485 1550 in

217 1578 418 1627 quatuor
447 1586 504 1614 ex
528 1574 595 1614 eis
620 1573 693 1615 vel
717 1574 920 1627 quinque
944 1574 1123 1627 pondus
1150 1575 1287 1615 unius
1309 1575 1485 1617 denarii

215 1643 228 1661 ‘
245 1640 450 1693 argentei
467 1653 477 1692 ;
495 1637 530 1660 '³
559 1644 606 1680 et
629 1652 687 1680 ex
710 1644 945 1693 praecepto
969 1640 1092 1693 regis
1122 1641 1369 1683 currebant
1392 1641 1485 1683 duo

214 1719 274 1746 ex
302 1706 368 1746 eis
399 1719 482 1759 pro
513 1705 736 1758 sterlingo
767 1719 913 1760 usque
943 1706 1002 1747 ad
1035 1705 1244 1758 Pascha;
1291 1711 1484 1761 eratque

214 1773 463 1826 pessimum
499 1772 721 1814 saeculum
755 1785 839 1826 pro
875 1772 955 1814 vili
993 1777 1194 1822 moneta,
1228 1777 1275 1814 et
1312 1773 1483 1815 fiebant

213 1838 597 1880 commutationes
612 1838 821 1892 plurimae
836 1839 883 1880 in
903 1839 1133 1893 emptione
1155 1843 1201 1880 et
1223 1839 1483 1882 venditione

212 1918 380 1946 rerum.
448 1905 506 1946 In
528 1905 759 1947 Paschate
779 1918 889 1947 vero
911 1906 1123 1959 sequenti
1143 1905 1378 1960 prohibuit
1398 1920 1482 1948 rex

212 1971 338 2024 ipsas
362 1976 572 2013 monetas
607 1985 666 2014 ex
699 1976 816 2022 toto,
847 1978 894 2014 et
929 1972 1081 2013 tenuit
1115 1973 1402 2013 excambium
1434 1973 1482 2014 in

211 2037 326 2079 locis
362 2038 585 2092 plurimis,
608 2038 931 2092 dabanturque
961 2051 1020 2080 ex
1051 2038 1117 2079 eis
1140 2051 1224 2091 pro
1248 2051 1341 2080 uno
1366 2043 1482 2080 ster-

212 2103 337 2157 lingo
372 2105 574 2158 quinque
615 2104 689 2145 vel
723 2117 823 2146 sex.
909 2104 1012 2145 Nec
1046 2105 1271 2146 curabant
1313 2117 1372 2145 ex
1414 2105 1481 2146 eis

213 2169 422 2212 homines
457 2175 647 2224 propter
684 2170 911 2212 vilitatem
946 2174 1158 2211 monetae.
1230 2170 1292 2211 Et
1326 2176 1482 2212 tamen

212 2235 330 2277 infra
366 2250 538 2278 annum
570 2236 846 2285 revolutum,
883 2240 1129 2289 postquam
1165 2237 1480 2290 experimento

210 2302 468 2344 didicerant
516 2302 723 2344 homines
778 2306 925 2344 artem
969 2302 1198 2357 purgandi
1241 2303 1478 2345 metallum

209 2382 312 2410 cum
359 2368 547 2423 plumbo
582 2368 834 2423 liquefacto
869 2381 973 2410 cum
1014 2381 1068 2410 eo
1103 2368 1151 2410 in
1189 2368 1312 2422 igne,
1350 2369 1477 2411 vale-

255 2579 264 2598 ¹
289 2581 343 2621 By
372 2581 428 2612 the
467 2584 591 2613 statute
630 2581 685 2613 De
721 2581 824 2612 Falsa
840 2585 843 2593 “
859 2581 996 2621 cerning
1016 2582 1092 2612 coin
1114 2581 1182 2613 and
1204 2582 1307 2621 plato,
1328 2582 1396 2614 and
1420 2593 1479 2614 ex-

206 2628 358 2667 Moneta,
380 2628 479 2668 given
501 2631 537 2659 at
555 2628 714 2668 Stepney,
739 2627 823 2667 May
857 2623 1111 2667 change-tames
1132 2637 1223 2659 were
1241 2626 1427 2660 instituted>
1442 2633 1478 2661 at

208 2677 261 2713 15,
276 2677 373 2714 1299,
387 2674 444 2706 the
459 2675 673 2714 importation
689 2674 727 2706 of
739 2674 822 2705 salse
858 2674 974 2706 Dover
989 2674 1054 2705 and
1078 2674 1174 2706 other
1188 2677 1291 2714 ports.
1340 2675 1425 2708 stat.
1442 2676 1480 2708 of

204 2730 323 2760 money
338 2730 410 2752 was
425 2720 615 2760 prohibited
633 2721 741 2752 under
756 2720 823 2752 for·
856 2721 912 2752 the
930 2721 1060 2761 Realm,
1076 2721 1098 2752 i.
1118 2723 1191 2753 131.

204 2767 325 2798 feiture
337 2767 375 2798 of
387 2767 446 2799 lise
461 2767 528 2799 and
549 2767 666 2808 goods.
714 2767 823 2805 Many
902 2765 916 2784 ²
938 2767 949 2784 ‘
962 2767 1217 2807 praecedentes,’
1232 2767 1310 2800 MS.
1326 2767 1452 2802 Lansd.

203 2813 298 2845 other
311 2814 517 2855 regulations
528 2823 617 2846 were
630 2814 728 2846 made
744 2823 821 2845 con·
906 2811 920 2834 ⁸
939 2813 1090 2846 Omitted
1105 2814 1141 2845 in
1157 2814 1234 2846 MS.
1250 2814 1340 2847 cott.
1355 2815 1460 2856 Vesp.
