2038 3306
500 347 726 378 WALTEm
762 347 823 377 DE
855 347 1233 379 HEMlNGBURGH.
1396 338 1483 379 139

218 451 374 505 gladio
411 464 492 505 per
525 451 724 493 medium
758 451 972 493 transivit
1002 452 1204 503 illaesus;
1237 452 1481 506 patuitque
1513 462 1676 521 ξᾱνῦπιᾱῖὲᾶ

219 518 296 559 via
336 530 505 571 magna
542 517 839 572 sequentibus
880 531 1000 568 eum,
1047 524 1146 560 erat
1189 518 1310 560 enim
1348 517 1480 560 fortis
1498 513 1634 576 Basstle'of
1679 514 1686 520 '

221 585 384 625 robore
405 589 452 625 et
475 589 668 626 staturae
693 597 911 637 procerae.
976 584 1186 639 Cumque
1205 586 1272 626 ita
1295 589 1481 626 strenue
1498 583 1624 615 Stiffinss·

220 650 454 701 militaret,
498 663 640 703 nepos
682 650 806 691 illius
845 651 1113 693 vulneratus
1155 656 1202 693 et
1241 652 1482 700 attonitus,

221 729 340 770 equo
370 729 455 759 suo
484 717 742 766 interfecto,
775 716 854 758 sed
885 722 1019 759 'stans
1054 722 1210 759 tamen
1244 721 1257 739 ‘
1274 716 1481 771 pedes‚’¹

222 782 439 825 clamavit
464 783 520 824 ad
543 796 647 824 eum
666 796 676 824 :
714 786 742 804 “
760 782 957 824 Domine
979 784 1056 833 mi,
1077 783 1210 825 salva
1227 783 1350 825 me.'’
1418 781 1484 824 At

222 849 315 899 ille,
355 848 660 899 “Ascende,’'
695 848 860 901 inquit,
895 852 1046 902 “post
1083 849 1200 890 me.’'
1271 848 1366 900 Qui
1402 848 1484 899 ait,

225 919 255 937 “
281 914 326 957 N
332 928 392 957 on
441 927 658 969 possum3
711 914 878 956 defecit
929 915 1050 955 enim
1103 916 1243 956 robur
1289 915 1484 958 meum.”

224 981 434 1035 Moxque
457 981 700 1023 consocius
724 980 840 1034 ejus,
865 981 1064 1033 armiger
1092 980 1294 1034 ejusdem
1313 981 1485 1022 domini

223 1047 528 1097 Marmeduci,
552 1046 833 1089 descendens
858 1046 914 1088 de
935 1059 1054 1100 equo
1077 1059 1178 1097 suo,
1201 1060 1304 1089 eum
1326 1059 1484 1089 ascen-

223 1113 330 1155 dere
361 1114 485 1163 fecit,
511 1119 557 1155 et
595 1113 714 1156 dixit
746 1113 929 1154 domino
960 1126 1060 1162 suo,
1086 1117 1115 1135 “
1132 1113 1310 1167 Sequar
1335 1118 1382 1155 te
1403 1113 1483 1155 do-

226 1180 344 1222 mine
364 1193 639 1234 quocunque
658 1179 765 1221 ieris
782 1179 833 1227 ;’'
856 1183 901 1220 et
922 1185 1108 1221 secutus
1130 1184 1202 1221 est
1220 1193 1323 1222 eum
1341 1192 1486 1233 usque

225 1246 283 1287 ad
301 1252 504 1300 pontem,
525 1253 571 1288 et
595 1253 787 1300 uterque
808 1259 965 1287 eorum
989 1246 1199 1288 salvatus
1229 1251 1314 1288 est.
1383 1245 1484 1300 Ap-

225 1313 450 1365 prehenso
485 1313 643 1366 itaque
673 1316 812 1366 ponte
848 1325 930 1365 per
957 1312 1270 1354 fortitudinem
1301 1316 1486 1354 strenue

226 1378 480 1429 militantis,
510 1392 668 1421 omnes
698 1384 871 1421 extunc
902 1383 1131 1432 quotquot
1164 1380 1227 1420 ibi
1256 1391 1485 1420 remanse-

226 1450 330 1486 rant
350 1450 634 1496 corruerunt,
658 1458 846 1486 numero
871 1450 1150 1486 armatorum
1175 1444 1269 1487 fere
1301 1450 1484 1486 centum

225 1516 271 1552 et
301 1512 506 1564 peditum
537 1512 670 1566 quasi
703 1513 906 1565 quinque
929 1511 1089 1560 millia,
1119 1511 1238 1553 inter
1258 1524 1373 1565 quos
1395 1516 1486 1553 tre-

226 1578 347 1618 centi
378 1578 641 1620 Wallenses
690 1591 795 1619 cum
839 1577 1008 1618 multos
1049 1577 1145 1619 vita
1186 1577 1487 1630 privaverant

226 1644 412 1685 tandem
449 1644 635 1699 quidam
666 1657 723 1685 ex
767 1645 834 1686 eis
862 1644 942 1697 qui
971 1648 1284 1685 remanserant
1317 1656 1486 1697 aquam

226 1711 428 1752 natando
478 1711 772 1752 transierunt.
865 1709 996 1751 Unus
1049 1709 1187 1751 etiam
1237 1709 1368 1751 miles
1425 1723 1486 1751 ex

226 1778 393 1818 nostris
425 1791 527 1819 cum
558 1776 827 1819 difficultate
862 1789 1033 1830 aquam
1065 1776 1249 1817 transiit
1285 1777 1331 1818 in
1366 1789 1485 1830 equo

225 1848 418 1887 armato.
491 1844 676 1886 Corruit
718 1844 877 1885 eodem
916 1843 989 1884 die
1027 1843 1148 1884 inter
1181 1842 1346 1884 Scotos
1385 1842 1486 1884 lan-

224 1910 400 1952 cearios
439 1910 800 1964 praenominatus
839 1909 917 1950 ille
960 1909 1273 1951 thesaurarius
1315 1909 1488 1950 domini

226 1977 348 2030 regis
391 1977 601 2018 dominus
643 1976 786 2029 Hugo
837 1975 893 2017 de
937 1975 1291 2030 Cressyngham,
1337 1980 1488 2017 rector
1505 1989 1594 2028 nuga
1605 1989 1640 2014 de

227 2043 432 2085 ecclesiae
463 2044 519 2085 de
549 2043 779 2096 Ruddeby
809 2046 855 2083 et
886 2042 1097 2095 capitalis
1127 2041 1410 2096 justitiarius
1441 2022 1703 2082 inss¹3iait¹1¹1¹f³h³m

228 2110 386 2150 assisis
421 2110 640 2160 Eborum,
672 2109 752 2163 qui
783 2122 885 2150 cum
917 2113 1039 2149 esset
1073 2107 1417 2161 praebendarius
1440 2107 1489 2148 in

228 2176 386 2216 multis
410 2176 632 2225 ecclesiis,
657 2180 702 2217 et
725 2175 972 2216 multarum
998 2173 1187 2215 haberet
1209 2186 1365 2214 curam
1391 2174 1489 2215 ani-

229 2253 423 2292 marum,
463 2255 697 2295 nunquam
743 2246 895 2282 tamen
939 2253 1068 2281 arma
1110 2239 1374 2294 spiritualia
1416 2240 1491 2281 vel

229 2307 435 2349 casulam
456 2308 622 2358 induit,
644 2307 725 2348 sed
757 2307 938 2360 galeam
961 2311 1007 2348 et
1026 2306 1215 2347 loricam
1246 2306 1294 2346 in
1325 2307 1491 2359 quibus

228 2375 412 2416 corruit.
483 2375 544 2416 Et
564 2374 642 2427 qui
672 2374 827 2427 gladio
860 2373 1032 2425 linguae
1063 2385 1160 2413 suae
1189 2371 1357 2413 multos
1382 2373 1491 2414 olim

229 2445 516 2482 exterruerat
538 2441 585 2482 in
599 2440 787 2495 judiciis
812 2439 981 2488 multis,
1004 2438 1160 2492 gladio
1183 2438 1366 2480 tandem
1387 2451 1490 2492 per-

229 2519 463 2548 versorum
499 2507 678 2549 occisus
714 2513 810 2554 est;
851 2519 986 2559 quem
1027 2505 1320 2546 excoriantes
1364 2505 1490 2547 Scoti

228 2573 481 2615 diviserunt
530 2574 648 2614 inter
697 2586 746 2614 se
795 2572 958 2625 pellem
1007 2571 1152 2624 ipsius
1199 2571 1245 2611 in
1287 2571 1490 2613 modIcas

229 2644 402 2693 partes,
437 2653 527 2681 non
559 2639 740 2693 quidem
781 2639 837 2679 ad
872 2638 1091 2691 reliquias
1128 2637 1208 2678 sed
1250 2637 1295 2677 in
1332 2642 1491 2679 contu-

230 2705 423 2754 melias;
479 2711 578 2747 erat
618 2706 735 2747 enim
777 2704 967 2759 pulcher
1002 2709 1048 2745 et
1095 2716 1284 2756 grassus
1327 2704 1489 2746 nimis:

430 2855 438 2875 ¹
463 2858 473 2874 ⁴
485 2857 518 2888 iu
535 2857 664 2897 pedes‚'
680 2856 781 2888 MSS.
799 2855 887 2888 Cott.
904 2855 1006 2894 Vesp.
1024 2855 1090 2886 and
1107 2854 1193 2887 coll.
1209 2854 1301 2887 Trin.
