1992 3202
293 398 412 423 Edward
431 399 455 424 1.

291 431 369 457 A.D.
386 433 459 456 129⁵,

275 494 339 519 nun
352 494 383 518 ot
391 494 463 525 Pope

275 527 416 552 Bonisace.

491 274 551 314 64
981 283 1260 314 CHRONIGON

491 386 594 435 tior,
618 387 766 428 carior
788 386 1015 436 habearis,
1044 399 1098 428 ac
1121 388 1168 428 in
1190 400 1334 440 regno
1358 386 1516 428 mundi
1539 389 1552 408 ‘
1570 384 1748 427 claris’¹

491 453 686 494 nominis
722 453 836 505 regii
876 450 1023 493 titulis
1059 453 1294 506 copiosum
1331 453 1571 507 proveniat
1605 453 1749 492 incre-

491 523 708 559 mentum.

559 587 588 605 “
609 583 728 624 Sane
761 584 819 624 ab
849 583 961 636 ipsis
991 588 1160 624 nostrae
1203 583 1504 636 promotionis
1536 582 1751 635 auspiciis

490 649 548 690 ad
580 648 840 702 generalem
861 654 1035 690 statum
1061 648 1263 690 fidelium
1299 649 1464 690 mentis
1492 649 1637 690 aciem
1668 661 1749 688 ex-

489 714 744 764 tendentes,
782 719 829 756 et
858 715 1199 756 considerantes
1234 719 1246 737 ‘
1265 713 1527 756 attentius’2
1562 726 1749 767 gravem

489 781 626 822 immo
658 781 976 834 gravissimam
1012 788 1058 822 et
1090 781 1275 822 omnino
1315 780 1591 822 contrariam
1632 780 1751 821 votis

491 846 661 887 nostris
693 847 812 887 inter
833 852 878 888 te
905 851 951 887 et
984 846 1268 887 carissimum
1303 847 1349 887 in
1385 846 1570 887 Christo
1609 845 1751 886 filium

491 916 698 953 nostrum
722 911 985 966 Philippum
1015 925 1168 965 regem
1210 913 1491 953 Francorum
1510 912 1752 960 illustrem,

490 978 701 1030 proxima
735 977 818 1019 tibi
859 978 1258 1031 consanguinitate
1297 978 1610 1032 conjunctum,
1645 990 1751 1030 pro-

490 1048 681 1084 curante
711 1044 839 1096 pacis
869 1044 1034 1084 aemulo
1065 1043 1294 1085 incentore
1315 1044 1555 1092 malorum,
1579 1043 1751 1084 discor-

490 1108 611 1149 diam
653 1109 937 1159 suscitatam,
978 1109 1110 1151 firma
1166 1114 1212 1151 et
1259 1109 1413 1151 stabili
1456 1109 1753 1162 dispositione

490 1173 790 1223 decrevimus,
827 1179 876 1215 ut
923 1187 1069 1227 super¹
1094 1174 1355 1228 hujusmodi
1395 1174 1595 1227 negotio,
1626 1174 1751 1214 cordi

491 1243 648 1279 nostro
676 1240 912 1292 potissime
946 1240 1187 1289 insidente,
1218 1240 1429 1281 solennes
1460 1240 1517 1280 ad
1550 1252 1750 1293 praesen-

491 1304 602 1345 tiam
621 1305 793 1357 regiam
814 1305 1003 1346 nuncios
1025 1311 1071 1346 et
1090 1305 1249 1347 literas
1268 1306 1569 1347 mitteremus.

559 1370 696 1411 “Sed
734 1375 923 1424 propter
959 1376 1165 1412 nostrum
1207 1371 1263 1413 de
1301 1372 1491 1413 civitate
1530 1370 1751 1424 Neapoli-

492 1440 602 1476 tana
631 1435 898 1486 discessum,
923 1436 1002 1477 ubi
1038 1442 1147 1479 tunc
1179 1437 1392 1479 Romana
1423 1438 1552 1479 curia
1582 1437 1751 1478 reside-

491 1501 587 1551 bat,
644 1506 941 1555 nostrumque
991 1515 1225 1544 accessum
1279 1504 1337 1545 ad
1387 1504 1563 1553 urbem,
1616 1516 1751 1557 quem

492 1567 670 1607 viarum
702 1567 960 1620 periculosa
991 1568 1256 1610 discrimina
1291 1583 1383 1611 non
1427 1569 1654 1610 modicum
1684 1582 1751 1609 re-

492 1632 750 1683 tardarunt,
798 1646 852 1674 ac
886 1634 1025 1675 etiam
1067 1635 1125 1675 ob
1167 1639 1336 1677 nostrae
1372 1635 1483 1676 inibi
1514 1628 1752 1676 'celebrata

489 1699 844 1739 consecrationis
905 1699 1111 1741 solennia
1177 1700 1400 1753 impediti,
1465 1700 1753 1754 nequivimus

491 1764 626 1805 citius
673 1764 862 1805 nuncios
909 1766 1151 1818 praedictos
1197 1771 1245 1807 et
1294 1767 1452 1808 literas
1502 1767 1751 1809 destinare.

493 1828 692 1877 Revera,
714 1829 793 1879 fili,
817 1839 1106 1884 nequaquam
1132 1845 1290 1873 sumus
1314 1833 1618 1882 immemores,
1642 1833 1753 1886 quin

491 1895 646 1947 potius
667 1896 816 1936 tenaci
851 1897 1069 1938 memoria
1092 1898 1355 1949 retinemus,
1377 1898 1499 1951 quod
1526 1911 1609 1939 nos
1642 1898 1750 1939 hac-

491 1965 640 2011 tenus,
676 1961 784 2002 dum
820 1974 1023 2003 essemus
1055 1963 1102 2003 in
1132 1964 1297 2005 minori
1329 1963 1477 2006 officio
1513 1964 1753 2006 constituti

490 2026 680 2067 sinceris
710 2026 950 2069 affectibus
973 2028 1191 2079 dilexisti,
1212 2029 1449 2084 plenisque
1473 2029 1600 2072 fuisti
1624 2030 1753 2071 favo-

490 2091 615 2132 ribus
647 2097 931 2145 prosecutus.
1024 2094 1228 2148 Ideoque
1251 2095 1360 2136 dum
1383 2095 1574 2137 solerter
1602 2101 1752 2137 atten-

490 2156 639 2198 dimus
675 2158 861 2211 quantis
897 2163 944 2200 et
976 2172 1113 2212 quam
1150 2161 1367 2213 gravibus
1408 2161 1631 2215 praedicta
1659 2162 1751 2202 dis-

490 2222 645 2263 cordia
668 2224 872 2265 noscitur
901 2230 1067 2266 onusta
1087 2225 1353 2279 dispendiis,
1379 2232 1491 2280 quot
1511 2233 1557 2269 et
1578 2231 1753 2280 quanta

490 2288 694 2340 pericula
725 2302 880 2330 secum
917 2291 1075 2340 trahit,
1096 2305 1234 2345 quam
1264 2292 1519 2347 dampnosa
1544 2293 1754 2334 fidelibus

491 2353 711 2404 redditur,
740 2368 877 2407 quam
901 2358 1106 2408 graviter
1130 2359 1287 2399 turbat
1322 2364 1367 2400 et
1395 2359 1585 2411 impedit
1612 2372 1752 2410 nego-

491 2419 603 2459 tium
636 2420 793 2462 Terrae
825 2422 1020 2471 Sanctae,
1059 2430 1340 2475 quantumve
1376 2428 1618 2477 propterea
1651 2425 1753 2465 Deo

492 2484 730 2537 displicere
778 2487 1046 2537 dinoscitur,
1095 2490 1338 2529 anxiamur
1374 2496 1425 2530 ut
1460 2494 1606 2542 pater,
1648 2503 1753 2530 sau-

491 2550 666 2592 ciamur
691 2556 742 2593 ut
775 2557 938 2603 mater,
959 2554 1005 2594 in
1027 2554 1199 2596 intimis
1219 2556 1457 2596 turbamur
1479 2556 1679 2596 amarius
1702 2561 1753 2596 ut

543 2719 723 2762 ¹‘clari0r‚’
737 2722 927 2755 inMSS.0f
938 2722 1102 2764 Heming-
1184 2721 1197 2741 ²
1219 2723 1368 2756 Omitted
1385 2725 1419 2756 in
1437 2725 1535 2757 MSS.
1546 2725 1583 2756 of
1593 2725 1755 2766 Heming-

491 2765 610 2806 burgh.
1139 2769 1260 2809 burgh.
