2004 3272
523 307 581 349 24
1008 317 1285 348 οΗειοΝιοοΝ

331 432 450 459 toward
463 433 487 458 1-
527 423 847 464 reclamatione
878 421 1142 475 plectendos
1179 421 1265 462 sibi
1300 420 1434 461 mitti.
1506 420 1642 471 Quod
1678 435 1781 463 cum

332 466 412 491 A'D'
426 466 498 490 ‘²⁰¹'
530 488 801 530 Christianis
825 487 988 528 durum
1009 486 1254 535 videretur,
1277 485 1383 527 licet
1405 486 1627 528 instarent
1646 486 1782 528 Tem-

530 554 660 607 plarii
695 557 747 593 ut
777 552 877 606 ejus
911 556 1018 592 voto
1049 556 1302 604 pareretur,
1331 552 1522 593 nuncios
1554 553 1687 605 quasi
1715 553 1783 593 in-

529 618 648 659 fecto
664 617 847 670 negotio
865 617 1136 657 remiserunt
1157 629 1350 667 vacuos;
1382 617 1779 670 ‘praesumebant’¹

529 695 726 735 namque
759 681 1010 724 Christiani
1038 682 1094 723 de
1127 694 1193 731 se,
1212 687 1432 736 ponentes
1465 695 1647 724 carnem
1678 684 1782 724 bra-

528 748 678 789 chium
715 760 864 797 suum,
900 752 946 789 et
975 747 1253 789 confidentes
1283 748 1330 788 in
1358 748 1539 789 homine
1569 749 1648 802 qui
1679 761 1782 789 cum

528 812 683 854 multis
705 813 871 854 ibidem
896 813 1035 866 paulo
1063 817 1170 854 ante
1200 813 1465 863 advenerat,
1489 813 1673 855 domino
1697 815 1784 855 sci-

529 878 635 919 licet
667 877 848 920 Othone
875 879 932 920 de
963 878 1295 929 Grandi-sono,
1317 879 1395 932 qui
1422 892 1526 920 cum
1559 879 1785 920 thesauris

530 944 650 996 regis
673 943 855 996 Angliae
878 944 1043 985 ibidem
1064 944 1230 985 missus
1252 950 1304 986 ut
1325 945 1448 987 viam
1472 950 1656 999 pararet
1678 951 1785 986 ante

531 1009 692 1050 faciem
731 1009 844 1063 ejus,
889 1009 1049 1052 habuit
1087 1009 1206 1051 enim
1248 1011 1294 1051 in
1336 1011 1573 1064 proposito
1615 1024 1698 1052 rex
1738 1011 1784 1051 in

531 1079 699 1116 terram
719 1073 944 1116 ‘dictam’2
961 1075 1202 1128 proficisci,
1217 1076 1411 1117 durante
1429 1077 1506 1117 diu
1524 1077 1786 1118 subsidione

531 1140 730 1182 hostium
765 1154 868 1182 cum
902 1140 1071 1182 eisdem
1104 1140 1331 1183 thesauris
1365 1141 1413 1182 in
1437 1141 1639 1196 Cyprum
1665 1142 1785 1196 fugi-

531 1218 627 1256 ens,
667 1211 845 1248 mutato
889 1206 1175 1260 cognomine,
1213 1207 1258 1248 in
1304 1220 1550 1260 congressu
1601 1207 1789 1249 militari

532 1284 725 1325 parvum
753 1272 861 1314 fecit
889 1286 1068 1314 sonum.
1139 1272 1366 1314 Soldanus
1394 1277 1562 1322 autem,
1594 1272 1787 1314 Christi-

533 1350 722 1379 anorum
743 1339 1011 1392 sanguinem
1032 1338 1192 1380 sitiens
1209 1345 1253 1380 et
1274 1339 1321 1379 in
1335 1339 1582 1380 vindictam
1599 1351 1786 1380 suorum

532 1402 743 1453 fremens,
776 1409 1055 1457 congregato
1076 1405 1281 1446 exercitu
1310 1405 1547 1455 immenso,
1568 1403 1711 1458 jussit
1737 1409 1789 1446 ut

532 1469 685 1510 nullus
705 1470 777 1510 sui
801 1475 964 1523 potens
987 1475 1237 1511 excusatus
1259 1475 1526 1511 remaneret.
1578 1470 1787 1524 Cumque

533 1535 809 1576 terribilibus
855 1536 949 1576 suis
981 1535 1124 1588 copiis
1164 1548 1325 1576 versus
1358 1535 1529 1576 Acram
1567 1536 1788 1585 tenderet,

539 1599 787 1642 Christiani
822 1601 1045 1651 exterriti,
1079 1601 1228 1642 missis
1268 1606 1314 1642 et
1349 1602 1548 1661 remissis
1589 1601 1647 1642 ad
1684 1614 1788 1642 eum

539 1666 731 1716 nunciis,
770 1666 869 1720 ejus
907 1667 1045 1707 animi
1082 1672 1255 1708 motum
1300 1668 1562 1708 muneribus
1605 1667 1788 1720 placare

538 1731 803 1783 probarunt,
828 1737 874 1773 et
906 1733 1014 1786 quia
1045 1745 1263 1773 accensus
1298 1732 1424 1774 furor
1458 1733 1666 1785 extingui
1699 1746 1789 1774 non

538 1801 720 1849 poterat
757 1797 940 1839 tandem
985 1798 1249 1839 obtulerunt
1290 1799 1332 1839 ei
1372 1799 1603 1840 civitatem
1639 1800 1696 1840 ab
1734 1812 1789 1840 eo

537 1862 731 1904 retinere
747 1863 863 1904 velle
886 1864 971 1904 sub
989 1864 1187 1911 tribut03
1220 1864 1300 1904 sed
1323 1877 1411 1905 non
1430 1865 1664 1917 adquievit
1683 1864 1792 1915 illis,

537 1928 647 1980 quin
668 1929 823 1982 potius
839 1929 1016 1971 civitati
1036 1929 1275 1983 applicans
1297 1930 1486 1971 eandem
1508 1930 1687 1972 fortiter
1708 1944 1789 1972 ex-

537 1994 763 2046 pugnavit
794 1995 952 2036 diebus
987 1995 1166 2036 circiter
1208 2006 1289 2037 XL.
1350 1997 1593 2049 Tantaque
1636 1996 1791 2038 extitit

536 2060 838 2112 pugnantium
875 2061 1008 2114 copia
1044 2061 1180 2101 certis
1216 2061 1393 2102 vicibus
1433 2062 1708 2103 mutantium
1744 2068 1790 2104 et

536 2126 899 2178 expugnantium
931 2131 1065 2167 nocte
1101 2126 1279 2179 dieque,
1315 2127 1436 2180 quod
1471 2128 1658 2180 repletis
1701 2128 1791 2169 sos-

537 2190 650 2231 satis
675 2190 811 2232 humo
835 2196 881 2232 et
903 2191 1131 2244 lapidibus
1151 2191 1274 2233 viam
1302 2193 1389 2233 sibi
1421 2192 1605 2246 planam
1627 2206 1791 2247 aggre-

537 2255 687 2296 diendi
714 2256 930 2305 fecerunt,
953 2270 1036 2298 nec
1072 2262 1171 2298 erat
1193 2257 1272 2298 vix
1297 2259 1375 2311 qui
1406 2258 1453 2299 in
1482 2259 1625 2299 muris
1654 2260 1788 2300 resis-

536 2325 654 2362 teret
687 2335 782 2374 prae
812 2323 1102 2364 multitudine
1126 2323 1320 2364 telorum
1356 2329 1402 2365 et
1434 2325 1787 2377 quadrellorum.

538 2386 598 2427 Et
621 2386 729 2428 licet
749 2401 808 2429 ex
830 2393 959 2441 parte
980 2388 1265 2430 foeminarum
1286 2389 1342 2429 de
1361 2389 1457 2430 vita
1476 2403 1611 2442 quam
1633 2391 1791 2444 utique

536 2452 675 2493 vitam
703 2454 872 2495 malam
893 2454 1084 2495 dicimus
1106 2459 1152 2495 et
1173 2454 1490 2504 execrabilem,
1513 2460 1643 2497 erant
1671 2457 1788 2497 enim

537 2523 587 2558 ut
619 2518 927 2560 ‘dicebatur’³
962 2520 1007 2560 in
1041 2533 1227 2561 numero
1258 2520 1513 2561 meretricio
1547 2521 1788 2574 plusquam

537 2594 662 2624 X1111.
689 2585 833 2626 millia
853 2585 1094 2626 mulierum
1123 2591 1478 2635 numen-marum,
1503 2592 1656 2628 essent
1677 2587 1789 2628 dua-

583 2747 589 2764 ¹
617 2749 625 2765 ‘
642 2750 904 2790 pn·aesu1nantes,’
944 2750 1018 2782 MS.
1055 2749 1143 2781 Cott.
1226 2745 1239 2764 ²
1261 2750 1270 2766 ‘
1284 2747 1455 2789 saucuuns
1472 2749 1639 2782 MS.Cott.
1654 2751 1729 2783 Tib.

534 2794 606 2824 Tib.
1223 2792 1235 2810 ³
1260 2795 1430 2835 ‘dimum’
1446 2795 1520 2828 Ms.
1540 2796 1627 2828 cott.
1643 2797 1718 2830 Tib.
