<?xml version="1.0" encoding="UTF-8"?>
<!DOCTYPE html PUBLIC "-//W3C//DTD XHTML 1.0 Transitional//EN"
    "http://www.w3.org/TR/xhtml1/DTD/xhtml1-transitional.dtd">
<html xmlns="http://www.w3.org/1999/xhtml" xml:lang="en" lang="en">
 <head>
  <title>
</title>
<meta http-equiv="Content-Type" content="text/html;charset=utf-8" />
  <meta name='ocr-system' content='tesseract 3.04.00' />
  <meta name='ocr-capabilities' content='ocr_page ocr_carea ocr_par ocr_line ocrx_word'/>
</head>
<body>
  <div class='ocr_page' id='page_1' title='image "./chronicondominiw02hemiuoft/chronicondominiw02hemiuoft_0052.png"; bbox 0 0 1992 3202; ppageno 0'>
   <div class='ocr_carea' id='block_1_1' title="bbox 545 292 1314 335">
    <p class='ocr_par' dir='ltr' id='par_1_1' title="bbox 545 292 1314 335">
     <span class='ocr_line' id='line_1_1' title="bbox 545 292 1314 335; baseline 0 -6"><span class='ocrx_word' id='word_1_1' title='bbox 545 292 603 335; x_wconf 83' lang='grc'>38</span> <span class='ocrx_word' id='word_1_2' title='bbox 1037 299 1314 330; x_wconf 81' lang='lat' dir='ltr'><strong>GHRONIGON</strong></span> 
     </span>
    </p>
   </div>
   <div class='ocr_carea' id='block_1_2' title="bbox 353 400 1805 459">
    <p class='ocr_par' dir='ltr' id='par_1_2' title="bbox 353 400 1805 459">
     <span class='ocr_line' id='line_1_2' title="bbox 353 400 1805 459; baseline -0.003 -15"><span class='ocrx_word' id='word_1_3' title='bbox 353 419 471 444; x_wconf 66' lang='lat' dir='ltr'>nawa</span> <span class='ocrx_word' id='word_1_4' title='bbox 485 419 507 444; x_wconf 82' lang='grc' dir='ltr'>ι.</span> <span class='ocrx_word' id='word_1_5' title='bbox 549 406 681 459; x_wconf 83' lang='lat' dir='ltr'>quasi</span> <span class='ocrx_word' id='word_1_6' title='bbox 703 403 946 452; x_wconf 88' lang='lat' dir='ltr'>universis,</span> <span class='ocrx_word' id='word_1_7' title='bbox 968 403 1015 443; x_wconf 91' lang='lat' dir='ltr'>in</span> <span class='ocrx_word' id='word_1_8' title='bbox 1036 402 1126 443; x_wconf 92' lang='lat' dir='ltr'>fine</span> <span class='ocrx_word' id='word_1_9' title='bbox 1156 407 1430 456; x_wconf 85' lang='lat' dir='ltr'>perventum</span> <span class='ocrx_word' id='word_1_10' title='bbox 1453 406 1525 442; x_wconf 90' lang='lat' dir='ltr'>est</span> <span class='ocrx_word' id='word_1_11' title='bbox 1548 401 1606 442; x_wconf 85' lang='lat' dir='ltr'>ad</span> <span class='ocrx_word' id='word_1_12' title='bbox 1626 401 1656 442; x_wconf 87' lang='lat' dir='ltr'><strong>J</strong></span> <span class='ocrx_word' id='word_1_13' title='bbox 1661 400 1805 441; x_wconf 90' lang='lat' dir='ltr'>ohan—</span> 
     </span>
    </p>
   </div>
   <div class='ocr_carea' id='block_1_3' title="bbox 349 452 1805 521">
    <p class='ocr_par' dir='ltr' id='par_1_3' title="bbox 349 452 1805 521">
     <span class='ocr_line' id='line_1_3' title="bbox 349 452 1805 521; baseline 0.022 -46"><span class='ocrx_word' id='word_1_14' title='bbox 349 452 430 478; x_wconf 70' lang='grc' dir='ltr'><strong>Λ.ι).</strong></span> <span class='ocrx_word' id='word_1_15' title='bbox 446 453 523 495; x_wconf 56' lang='lat' dir='ltr'>iffi</span> <span class='ocrx_word' id='word_1_16' title='bbox 549 485 651 512; x_wconf 75' lang='lat' dir='ltr'>nem</span> <span class='ocrx_word' id='word_1_17' title='bbox 681 472 736 512; x_wconf 72' lang='lat' dir='ltr'>de</span> <span class='ocrx_word' id='word_1_18' title='bbox 759 469 956 511; x_wconf 73' lang='lat' dir='ltr'>Balljolo</span> <span class='ocrx_word' id='word_1_19' title='bbox 978 473 1025 510; x_wconf 78' lang='lat' dir='ltr'>et</span> <span class='ocrx_word' id='word_1_20' title='bbox 1054 468 1310 510; x_wconf 88' lang='lat' dir='ltr'>Robertum</span> <span class='ocrx_word' id='word_1_21' title='bbox 1331 468 1387 509; x_wconf 80' lang='lat' dir='ltr'>de</span> <span class='ocrx_word' id='word_1_22' title='bbox 1419 468 1587 521; x_wconf 77' lang='lat' dir='ltr'>Bruys,</span> <span class='ocrx_word' id='word_1_23' title='bbox 1610 479 1805 520; x_wconf 91' lang='lat' dir='ltr'>quorum</span> 
     </span>
    </p>
   </div>
   <div class='ocr_carea' id='block_1_4' title="bbox 328 514 1807 2488">
    <p class='ocr_par' dir='ltr' id='par_1_4' title="bbox 328 514 1807 2488">
     <span class='ocr_line' id='line_1_4' title="bbox 334 514 1805 590; baseline -0.004 -12"><span class='ocrx_word' id='word_1_24' title='bbox 334 514 480 572; x_wconf 53' lang='lat' dir='ltr'>ffliffiif</span> <span class='ocrx_word' id='word_1_25' title='bbox 549 537 710 590; x_wconf 92' lang='lat' dir='ltr'>petitio</span> <span class='ocrx_word' id='word_1_26' title='bbox 741 536 806 576; x_wconf 90' lang='lat' dir='ltr'>sic</span> <span class='ocrx_word' id='word_1_27' title='bbox 828 534 1045 576; x_wconf 85' lang='lat' dir='ltr'>brevibus</span> <span class='ocrx_word' id='word_1_28' title='bbox 1073 533 1349 575; x_wconf 83' lang='lat' dir='ltr'>declaratur.</span> <span class='ocrx_word' id='word_1_29' title='bbox 1407 533 1525 575; x_wconf 90' lang='lat' dir='ltr'>Cum</span> <span class='ocrx_word' id='word_1_30' title='bbox 1546 533 1665 574; x_wconf 92' lang='lat' dir='ltr'>enim</span> <span class='ocrx_word' id='word_1_31' title='bbox 1699 545 1805 573; x_wconf 88' lang='lat' dir='ltr'>san-</span> 
     </span>
     <span class='ocr_line' id='line_1_5' title="bbox 548 598 1807 655; baseline -0.003 -13"><span class='ocrx_word' id='word_1_32' title='bbox 548 604 651 655; x_wconf 84' lang='lat' dir='ltr'>guis</span> <span class='ocrx_word' id='word_1_33' title='bbox 672 602 826 654; x_wconf 85' lang='lat' dir='ltr'>regius</span> <span class='ocrx_word' id='word_1_34' title='bbox 850 600 1105 654; x_wconf 88' lang='lat' dir='ltr'><strong>proximior</strong></span> <span class='ocrx_word' id='word_1_35' title='bbox 1127 612 1219 640; x_wconf 90' lang='lat' dir='ltr'>non</span> <span class='ocrx_word' id='word_1_36' title='bbox 1240 604 1497 652; x_wconf 85' lang='lat' dir='ltr'>appareret,</span> <span class='ocrx_word' id='word_1_37' title='bbox 1519 599 1703 639; x_wconf 88' lang='lat' dir='ltr'>tandem</span> <span class='ocrx_word' id='word_1_38' title='bbox 1726 598 1807 638; x_wconf 82' lang='lat' dir='ltr'>ha-</span> 
     </span>
     <span class='ocr_line' id='line_1_6' title="bbox 548 664 1803 717; baseline -0.004 -9"><span class='ocrx_word' id='word_1_39' title='bbox 548 669 671 709; x_wconf 89' lang='lat' dir='ltr'>bitus</span> <span class='ocrx_word' id='word_1_40' title='bbox 705 672 776 708; x_wconf 88' lang='lat' dir='ltr'>est</span> <span class='ocrx_word' id='word_1_41' title='bbox 811 678 1024 708; x_wconf 89' lang='lat' dir='ltr'>recursus</span> <span class='ocrx_word' id='word_1_42' title='bbox 1057 664 1115 706; x_wconf 88' lang='lat' dir='ltr'>ad</span> <span class='ocrx_word' id='word_1_43' title='bbox 1140 664 1294 706; x_wconf 83' lang='lat' dir='ltr'>David</span> <span class='ocrx_word' id='word_1_44' title='bbox 1326 664 1557 717; x_wconf 86' lang='lat' dir='ltr'>quondam</span> <span class='ocrx_word' id='word_1_45' title='bbox 1591 664 1803 704; x_wconf 90' lang='lat' dir='ltr'>comitem</span> 
     </span>
     <span class='ocr_line' id='line_1_7' title="bbox 551 728 1804 786; baseline -0.005 -12"><span class='ocrx_word' id='word_1_46' title='bbox 551 732 914 786; x_wconf 82' lang='lat' dir='ltr'>Huntingdoniae</span> <span class='ocrx_word' id='word_1_47' title='bbox 969 736 1017 773; x_wconf 92' lang='lat' dir='ltr'>et</span> <span class='ocrx_word' id='word_1_48' title='bbox 1064 730 1252 772; x_wconf 89' lang='lat' dir='ltr'>fratrem</span> <span class='ocrx_word' id='word_1_49' title='bbox 1295 729 1518 771; x_wconf 90' lang='lat' dir='ltr'>Willelmi</span> <span class='ocrx_word' id='word_1_50' title='bbox 1574 728 1804 782; x_wconf 90' lang='lat' dir='ltr'>quondam</span> 
     </span>
     <span class='ocr_line' id='line_1_8' title="bbox 548 793 1806 851; baseline -0.004 -12"><span class='ocrx_word' id='word_1_51' title='bbox 548 799 670 851; x_wconf 86' lang='lat' dir='ltr'>regis</span> <span class='ocrx_word' id='word_1_52' title='bbox 711 798 895 848; x_wconf 84' lang='lat' dir='ltr'>Scotiae,</span> <span class='ocrx_word' id='word_1_53' title='bbox 939 797 1019 850; x_wconf 87' lang='lat' dir='ltr'>qui</span> <span class='ocrx_word' id='word_1_54' title='bbox 1057 796 1340 849; x_wconf 88' lang='lat' dir='ltr'>temporibus</span> <span class='ocrx_word' id='word_1_55' title='bbox 1386 794 1580 836; x_wconf 86' lang='lat' dir='ltr'>Henrici</span> <span class='ocrx_word' id='word_1_56' title='bbox 1619 793 1806 835; x_wconf 86' lang='lat' dir='ltr'>secundi</span> 
     </span>
     <span class='ocr_line' id='line_1_9' title="bbox 548 860 1807 917; baseline -0.003 -13"><span class='ocrx_word' id='word_1_57' title='bbox 548 865 760 917; x_wconf 82' lang='lat' dir='ltr'>regnavit</span> <span class='ocrx_word' id='word_1_58' title='bbox 785 864 832 904; x_wconf 95' lang='lat' dir='ltr'>in</span> <span class='ocrx_word' id='word_1_59' title='bbox 854 863 1036 904; x_wconf 90' lang='lat' dir='ltr'>Scotia:</span> <span class='ocrx_word' id='word_1_60' title='bbox 1068 862 1142 903; x_wconf 93' lang='lat' dir='ltr'>hic</span> <span class='ocrx_word' id='word_1_61' title='bbox 1166 861 1337 910; x_wconf 87' lang='lat' dir='ltr'>David,</span> <span class='ocrx_word' id='word_1_62' title='bbox 1360 874 1462 902; x_wconf 89' lang='lat' dir='ltr'>cum</span> <span class='ocrx_word' id='word_1_63' title='bbox 1494 866 1587 902; x_wconf 91' lang='lat' dir='ltr'>tres</span> <span class='ocrx_word' id='word_1_64' title='bbox 1617 860 1807 901; x_wconf 89' lang='lat' dir='ltr'>haberet</span> 
     </span>
     <span class='ocr_line' id='line_1_10' title="bbox 550 924 1805 983; baseline -0.003 -13"><span class='ocrx_word' id='word_1_65' title='bbox 550 930 683 978; x_wconf 86' lang='lat' dir='ltr'>filias,</span> <span class='ocrx_word' id='word_1_66' title='bbox 711 929 1063 983; x_wconf 86' lang='lat' dir='ltr'>primogenitam</span> <span class='ocrx_word' id='word_1_67' title='bbox 1086 928 1211 968; x_wconf 89' lang='lat' dir='ltr'>dedit</span> <span class='ocrx_word' id='word_1_68' title='bbox 1231 927 1278 968; x_wconf 89' lang='lat' dir='ltr'>‘J</span> <span class='ocrx_word' id='word_1_69' title='bbox 1283 924 1489 968; x_wconf 85' lang='lat' dir='ltr'>ohanni’¹</span> <span class='ocrx_word' id='word_1_70' title='bbox 1512 926 1568 967; x_wconf 91' lang='lat' dir='ltr'>de</span> <span class='ocrx_word' id='word_1_71' title='bbox 1590 925 1805 974; x_wconf 89' lang='lat' dir='ltr'>Balliolo,</span> 
     </span>
     <span class='ocr_line' id='line_1_11' title="bbox 549 991 1805 1043; baseline -0.003 -7"><span class='ocrx_word' id='word_1_72' title='bbox 549 995 745 1036; x_wconf 91' lang='lat' dir='ltr'>mediam</span> <span class='ocrx_word' id='word_1_73' title='bbox 769 995 952 1036; x_wconf 91' lang='lat' dir='ltr'>domino</span> <span class='ocrx_word' id='word_1_74' title='bbox 973 994 1029 1035; x_wconf 90' lang='lat' dir='ltr'>de</span> <span class='ocrx_word' id='word_1_75' title='bbox 1061 994 1198 1043; x_wconf 86' lang='lat' dir='ltr'>Brus,</span> <span class='ocrx_word' id='word_1_76' title='bbox 1226 997 1272 1034; x_wconf 87' lang='lat' dir='ltr'>et</span> <span class='ocrx_word' id='word_1_77' title='bbox 1303 993 1511 1034; x_wconf 87' lang='lat' dir='ltr'>ultimam</span> <span class='ocrx_word' id='word_1_78' title='bbox 1541 992 1724 1033; x_wconf 92' lang='lat' dir='ltr'>domino</span> <span class='ocrx_word' id='word_1_79' title='bbox 1749 991 1805 1032; x_wconf 91' lang='lat' dir='ltr'>de</span> 
     </span>
     <span class='ocr_line' id='line_1_12' title="bbox 550 1057 1804 1114; baseline -0.003 -12"><span class='ocrx_word' id='word_1_80' title='bbox 550 1061 824 1114; x_wconf 86' lang='lat' dir='ltr'>Hastinges,</span> <span class='ocrx_word' id='word_1_81' title='bbox 847 1073 906 1101; x_wconf 90' lang='lat' dir='ltr'>ex</span> <span class='ocrx_word' id='word_1_82' title='bbox 931 1072 1124 1113; x_wconf 88' lang='lat' dir='ltr'>quarum</span> <span class='ocrx_word' id='word_1_83' title='bbox 1148 1059 1372 1111; x_wconf 85' lang='lat' dir='ltr'>sanguine</span> <span class='ocrx_word' id='word_1_84' title='bbox 1395 1058 1603 1112; x_wconf 87' lang='lat' dir='ltr'>praedicti</span> <span class='ocrx_word' id='word_1_85' title='bbox 1625 1058 1656 1100; x_wconf 88' lang='lat' dir='ltr'><strong>J</strong></span> <span class='ocrx_word' id='word_1_86' title='bbox 1660 1057 1804 1098; x_wconf 86' lang='lat' dir='ltr'>ohan-</span> 
     </span>
     <span class='ocr_line' id='line_1_13' title="bbox 548 1123 1804 1176; baseline -0.003 -9"><span class='ocrx_word' id='word_1_87' title='bbox 548 1139 629 1167; x_wconf 89' lang='lat' dir='ltr'>nes</span> <span class='ocrx_word' id='word_1_88' title='bbox 650 1131 697 1167; x_wconf 89' lang='lat' dir='ltr'>et</span> <span class='ocrx_word' id='word_1_89' title='bbox 722 1126 954 1167; x_wconf 89' lang='lat' dir='ltr'>Robertus</span> <span class='ocrx_word' id='word_1_90' title='bbox 976 1138 1079 1166; x_wconf 91' lang='lat' dir='ltr'>cum</span> <span class='ocrx_word' id='word_1_91' title='bbox 1103 1124 1134 1165; x_wconf 85' lang='lat' dir='ltr'><strong>J</strong></span> <span class='ocrx_word' id='word_1_92' title='bbox 1138 1124 1316 1165; x_wconf 87' lang='lat' dir='ltr'>ohanne</span> <span class='ocrx_word' id='word_1_93' title='bbox 1338 1124 1394 1164; x_wconf 92' lang='lat' dir='ltr'>de</span> <span class='ocrx_word' id='word_1_94' title='bbox 1415 1123 1672 1176; x_wconf 85' lang='lat' dir='ltr'>Hastinges</span> <span class='ocrx_word' id='word_1_95' title='bbox 1701 1135 1804 1163; x_wconf 92' lang='lat' dir='ltr'>suc-</span> 
     </span>
     <span class='ocr_line' id='line_1_14' title="bbox 548 1189 1804 1243; baseline -0.003 -11"><span class='ocrx_word' id='word_1_96' title='bbox 548 1192 800 1232; x_wconf 84' lang='lat' dir='ltr'>cessionem</span> <span class='ocrx_word' id='word_1_97' title='bbox 836 1191 965 1243; x_wconf 84' lang='lat' dir='ltr'>regni</span> <span class='ocrx_word' id='word_1_98' title='bbox 994 1190 1328 1240; x_wconf 81' lang='lat' dir='ltr'>vendicabant3</span> <span class='ocrx_word' id='word_1_99' title='bbox 1369 1202 1529 1230; x_wconf 88' lang='lat' dir='ltr'>verum</span> <span class='ocrx_word' id='word_1_100' title='bbox 1558 1189 1667 1241; x_wconf 80' lang='lat' dir='ltr'>quja</span> <span class='ocrx_word' id='word_1_101' title='bbox 1701 1201 1804 1241; x_wconf 83' lang='lat' dir='ltr'>reg-</span> 
     </span>
     <span class='ocr_line' id='line_1_15' title="bbox 547 1253 1805 1308; baseline -0.002 -12"><span class='ocrx_word' id='word_1_102' title='bbox 547 1269 655 1296; x_wconf 91' lang='lat' dir='ltr'>num</span> <span class='ocrx_word' id='word_1_103' title='bbox 687 1256 823 1297; x_wconf 91' lang='lat' dir='ltr'>debet</span> <span class='ocrx_word' id='word_1_104' title='bbox 857 1268 1092 1308; x_wconf 90' lang='lat' dir='ltr'>nunquam</span> <span class='ocrx_word' id='word_1_105' title='bbox 1122 1254 1264 1296; x_wconf 87' lang='lat' dir='ltr'>dividi</span> <span class='ocrx_word' id='word_1_106' title='bbox 1296 1259 1358 1304; x_wconf 88' lang='lat' dir='ltr'>et,</span> <span class='ocrx_word' id='word_1_107' title='bbox 1391 1259 1442 1295; x_wconf 90' lang='lat' dir='ltr'>ut</span> <span class='ocrx_word' id='word_1_108' title='bbox 1473 1267 1501 1295; x_wconf 90' lang='lat' dir='ltr'>a</span> <span class='ocrx_word' id='word_1_109' title='bbox 1532 1253 1805 1306; x_wconf 90' lang='lat' dir='ltr'>quibusdam</span> 
     </span>
     <span class='ocr_line' id='line_1_16' title="bbox 547 1319 1804 1374; baseline -0.002 -12"><span class='ocrx_word' id='word_1_110' title='bbox 547 1322 800 1370; x_wconf 86' lang='lat' dir='ltr'>dicebatur,</span> <span class='ocrx_word' id='word_1_111' title='bbox 838 1320 1106 1374; x_wconf 88' lang='lat' dir='ltr'>proximiori</span> <span class='ocrx_word' id='word_1_112' title='bbox 1144 1320 1272 1373; x_wconf 86' lang='lat' dir='ltr'>regio</span> <span class='ocrx_word' id='word_1_113' title='bbox 1308 1319 1521 1373; x_wconf 84' lang='lat' dir='ltr'>sanguini</span> <span class='ocrx_word' id='word_1_114' title='bbox 1557 1319 1804 1370; x_wconf 80' lang='lat' dir='ltr'>debeatur3</span> 
     </span>
     <span class='ocr_line' id='line_1_17' title="bbox 547 1385 1807 1440; baseline -0.002 -12"><span class='ocrx_word' id='word_1_115' title='bbox 547 1387 796 1440; x_wconf 85' lang='lat' dir='ltr'>praedictus</span> <span class='ocrx_word' id='word_1_116' title='bbox 828 1387 1063 1428; x_wconf 86' lang='lat' dir='ltr'>Robertus</span> <span class='ocrx_word' id='word_1_117' title='bbox 1099 1386 1155 1427; x_wconf 92' lang='lat' dir='ltr'>de</span> <span class='ocrx_word' id='word_1_118' title='bbox 1187 1386 1355 1439; x_wconf 89' lang='lat' dir='ltr'>Bruys,</span> <span class='ocrx_word' id='word_1_119' title='bbox 1378 1386 1487 1427; x_wconf 90' lang='lat' dir='ltr'>licet</span> <span class='ocrx_word' id='word_1_120' title='bbox 1517 1385 1573 1426; x_wconf 88' lang='lat' dir='ltr'>de</span> <span class='ocrx_word' id='word_1_121' title='bbox 1603 1385 1807 1426; x_wconf 87' lang='lat' dir='ltr'>secunda</span> 
     </span>
     <span class='ocr_line' id='line_1_18' title="bbox 546 1451 1805 1504; baseline -0.002 -10"><span class='ocrx_word' id='word_1_122' title='bbox 546 1466 702 1494; x_wconf 91' lang='lat' dir='ltr'>sorore</span> <span class='ocrx_word' id='word_1_123' title='bbox 751 1453 940 1502; x_wconf 87' lang='lat' dir='ltr'>exisset,</span> <span class='ocrx_word' id='word_1_124' title='bbox 986 1457 1139 1494; x_wconf 85' lang='lat' dir='ltr'>tamen</span> <span class='ocrx_word' id='word_1_125' title='bbox 1188 1452 1235 1492; x_wconf 93' lang='lat' dir='ltr'>in</span> <span class='ocrx_word' id='word_1_126' title='bbox 1294 1464 1349 1492; x_wconf 93' lang='lat' dir='ltr'>eo</span> <span class='ocrx_word' id='word_1_127' title='bbox 1390 1451 1543 1504; x_wconf 89' lang='lat' dir='ltr'>‘quod</span> <span class='ocrx_word' id='word_1_128' title='bbox 1592 1451 1805 1504; x_wconf 83' lang='lat' dir='ltr'>sanguini</span> 
     </span>
     <span class='ocr_line' id='line_1_19' title="bbox 546 1516 1805 1570; baseline -0.002 -11"><span class='ocrx_word' id='word_1_129' title='bbox 546 1519 798 1570; x_wconf 84' lang='lat' dir='ltr'>proximior</span> <span class='ocrx_word' id='word_1_130' title='bbox 837 1519 884 1558; x_wconf 91' lang='lat' dir='ltr'>in</span> <span class='ocrx_word' id='word_1_131' title='bbox 925 1531 1015 1559; x_wconf 92' lang='lat' dir='ltr'>uno</span> <span class='ocrx_word' id='word_1_132' title='bbox 1056 1522 1157 1558; x_wconf 89' lang='lat' dir='ltr'>erat</span> <span class='ocrx_word' id='word_1_133' title='bbox 1196 1516 1399 1569; x_wconf 74' lang='lat' dir='ltr'>gradu,&#39;2</span> <span class='ocrx_word' id='word_1_134' title='bbox 1435 1517 1568 1570; x_wconf 90' lang='lat' dir='ltr'>petiit</span> <span class='ocrx_word' id='word_1_135' title='bbox 1608 1529 1674 1566; x_wconf 87' lang='lat' dir='ltr'>se,</span> <span class='ocrx_word' id='word_1_136' title='bbox 1704 1522 1805 1557; x_wconf 91' lang='lat' dir='ltr'>tan-</span> 
     </span>
     <span class='ocr_line' id='line_1_20' title="bbox 546 1582 1805 1636; baseline -0.002 -12"><span class='ocrx_word' id='word_1_137' title='bbox 546 1596 684 1636; x_wconf 92' lang='lat' dir='ltr'>quam</span> <span class='ocrx_word' id='word_1_138' title='bbox 711 1583 924 1636; x_wconf 86' lang='lat' dir='ltr'>sanguini</span> <span class='ocrx_word' id='word_1_139' title='bbox 945 1583 1286 1636; x_wconf 84' lang='lat' dir='ltr'>proximiorem,</span> <span class='ocrx_word' id='word_1_140' title='bbox 1314 1582 1372 1623; x_wconf 87' lang='lat' dir='ltr'>ad</span> <span class='ocrx_word' id='word_1_141' title='bbox 1398 1582 1525 1636; x_wconf 82' lang='lat' dir='ltr'>regni</span> <span class='ocrx_word' id='word_1_142' title='bbox 1555 1583 1805 1623; x_wconf 88' lang='lat' dir='ltr'>successio-</span> 
     </span>
     <span class='ocr_line' id='line_1_21' title="bbox 547 1648 1804 1690; baseline -0.002 0"><span class='ocrx_word' id='word_1_143' title='bbox 547 1662 650 1689; x_wconf 89' lang='lat' dir='ltr'>nem</span> <span class='ocrx_word' id='word_1_144' title='bbox 685 1649 880 1690; x_wconf 90' lang='lat' dir='ltr'>admitti.</span> <span class='ocrx_word' id='word_1_145' title='bbox 953 1648 1171 1689; x_wconf 84' lang='lat' dir='ltr'>Praedicti</span> <span class='ocrx_word' id='word_1_146' title='bbox 1206 1653 1359 1689; x_wconf 85' lang='lat' dir='ltr'>tamen</span> <span class='ocrx_word' id='word_1_147' title='bbox 1391 1648 1550 1688; x_wconf 84' lang='lat' dir='ltr'>arbitri</span> <span class='ocrx_word' id='word_1_148' title='bbox 1581 1648 1804 1688; x_wconf 91' lang='lat' dir='ltr'>rationem</span> 
     </span>
     <span class='ocr_line' id='line_1_22' title="bbox 545 1712 1803 1767; baseline -0.001 -12"><span class='ocrx_word' id='word_1_149' title='bbox 545 1728 636 1755; x_wconf 91' lang='lat' dir='ltr'>non</span> <span class='ocrx_word' id='word_1_150' title='bbox 674 1714 982 1763; x_wconf 87' lang='lat' dir='ltr'>admittentes,</span> <span class='ocrx_word' id='word_1_151' title='bbox 1016 1714 1237 1767; x_wconf 75' lang='lat' dir='ltr'>praedicto</span> <span class='ocrx_word' id='word_1_152' title='bbox 1262 1712 1466 1754; x_wconf 72' lang='lat' dir='ltr'>‚Iohanni</span> <span class='ocrx_word' id='word_1_153' title='bbox 1500 1713 1556 1754; x_wconf 88' lang='lat' dir='ltr'>de</span> <span class='ocrx_word' id='word_1_154' title='bbox 1590 1713 1803 1762; x_wconf 83' lang='lat' dir='ltr'>Ba11i010‚</span> 
     </span>
     <span class='ocr_line' id='line_1_23' title="bbox 546 1778 1804 1833; baseline -0.001 -13"><span class='ocrx_word' id='word_1_155' title='bbox 546 1784 765 1833; x_wconf 88' lang='lat' dir='ltr'>tanquam</span> <span class='ocrx_word' id='word_1_156' title='bbox 815 1793 839 1820; x_wconf 87' lang='lat' dir='ltr'>e</span> <span class='ocrx_word' id='word_1_157' title='bbox 883 1780 1186 1833; x_wconf 84' lang='lat' dir='ltr'>primogenita</span> <span class='ocrx_word' id='word_1_158' title='bbox 1225 1778 1428 1828; x_wconf 92' lang='lat' dir='ltr'>exeunti,</span> <span class='ocrx_word' id='word_1_159' title='bbox 1469 1779 1804 1820; x_wconf 88' lang='lat' dir='ltr'>successionem</span> 
     </span>
     <span class='ocr_line' id='line_1_24' title="bbox 331 1845 1806 1899; baseline 0 -14"><span class='ocrx_word' id='word_1_160' title='bbox 331 1861 483 1899; x_wconf 44' lang='lat' dir='ltr'>‘metang-</span> <span class='ocrx_word' id='word_1_161' title='bbox 545 1846 674 1898; x_wconf 85' lang='lat' dir='ltr'>regni</span> <span class='ocrx_word' id='word_1_162' title='bbox 710 1845 878 1886; x_wconf 86' lang='lat' dir='ltr'>Scotiae</span> <span class='ocrx_word' id='word_1_163' title='bbox 903 1845 1251 1899; x_wconf 85' lang='lat' dir='ltr'>adjudicarunt:</span> <span class='ocrx_word' id='word_1_164' title='bbox 1285 1857 1368 1885; x_wconf 88' lang='lat' dir='ltr'>rex</span> <span class='ocrx_word' id='word_1_165' title='bbox 1394 1857 1501 1886; x_wconf 92' lang='lat' dir='ltr'>vero</span> <span class='ocrx_word' id='word_1_166' title='bbox 1532 1849 1700 1893; x_wconf 88' lang='lat' dir='ltr'>noster,</span> <span class='ocrx_word' id='word_1_167' title='bbox 1733 1857 1806 1885; x_wconf 90' lang='lat' dir='ltr'>eo-</span> 
     </span>
     <span class='ocr_line' id='line_1_25' title="bbox 328 1894 1804 1965; baseline 0 -15"><span class='ocrx_word' id='word_1_168' title='bbox 328 1894 432 1965; x_wconf 53' lang='grc' dir='ltr'>Ξιιὶᾞζέἓ</span> <span class='ocrx_word' id='word_1_169' title='bbox 445 1894 490 1951; x_wconf 57' lang='lat'>2²3*</span> <span class='ocrx_word' id='word_1_170' title='bbox 546 1923 645 1951; x_wconf 90' lang='lat' dir='ltr'>rum</span> <span class='ocrx_word' id='word_1_171' title='bbox 694 1909 1063 1964; x_wconf 82' lang='lat' dir='ltr'>‘approbando&#39;³</span> <span class='ocrx_word' id='word_1_172' title='bbox 1108 1910 1362 1959; x_wconf 88' lang='lat' dir='ltr'>arbitrium,</span> <span class='ocrx_word' id='word_1_173' title='bbox 1408 1910 1554 1951; x_wconf 89' lang='lat' dir='ltr'>eidem</span> <span class='ocrx_word' id='word_1_174' title='bbox 1600 1910 1804 1952; x_wconf 87' lang='lat' dir='ltr'>Johanni</span> 
     </span>
     <span class='ocr_line' id='line_1_26' title="bbox 332 1959 1805 2028; baseline 0.001 -12"><span class='ocrx_word' id='word_1_175' title='bbox 332 1959 438 1984; x_wconf 66' lang='lat'>¹³³¹¹⁰¹²</span> <span class='ocrx_word' id='word_1_176' title='bbox 546 1989 736 2028; x_wconf 85' lang='lat' dir='ltr'>regnum</span> <span class='ocrx_word' id='word_1_177' title='bbox 773 1976 941 2017; x_wconf 85' lang='lat' dir='ltr'>Scotiae</span> <span class='ocrx_word' id='word_1_178' title='bbox 981 1989 1084 2017; x_wconf 92' lang='lat' dir='ltr'>cum</span> <span class='ocrx_word' id='word_1_179' title='bbox 1119 1976 1243 2016; x_wconf 88' lang='lat' dir='ltr'>omni</span> <span class='ocrx_word' id='word_1_180' title='bbox 1283 1975 1549 2028; x_wconf 84' lang='lat' dir='ltr'>integritate</span> <span class='ocrx_word' id='word_1_181' title='bbox 1586 1976 1805 2026; x_wconf 90' lang='lat' dir='ltr'>restituit,</span> 
     </span>
     <span class='ocr_line' id='line_1_27' title="bbox 547 2040 1804 2095; baseline 0.002 -14"><span class='ocrx_word' id='word_1_182' title='bbox 547 2041 677 2082; x_wconf 91' lang='lat' dir='ltr'>salvo</span> <span class='ocrx_word' id='word_1_183' title='bbox 698 2042 786 2082; x_wconf 89' lang='lat' dir='ltr'>sibi</span> <span class='ocrx_word' id='word_1_184' title='bbox 817 2041 1032 2093; x_wconf 82' lang='lat' dir='ltr'>homagio</span> <span class='ocrx_word' id='word_1_185' title='bbox 1054 2054 1138 2082; x_wconf 92' lang='lat' dir='ltr'>suo</span> <span class='ocrx_word' id='word_1_186' title='bbox 1159 2046 1205 2082; x_wconf 92' lang='lat' dir='ltr'>et</span> <span class='ocrx_word' id='word_1_187' title='bbox 1237 2040 1458 2083; x_wconf 89' lang='lat' dir='ltr'>fidelitate</span> <span class='ocrx_word' id='word_1_188' title='bbox 1483 2054 1566 2094; x_wconf 93' lang='lat' dir='ltr'>pro</span> <span class='ocrx_word' id='word_1_189' title='bbox 1597 2046 1804 2095; x_wconf 89' lang='lat' dir='ltr'>tempore</span> 
     </span>
     <span class='ocr_line' id='line_1_28' title="bbox 334 2105 1804 2160; baseline 0.001 -13"><span class='ocrx_word' id='word_1_190' title='bbox 334 2122 462 2148; x_wconf 61' lang='lat' dir='ltr'>Now-30.</span> <span class='ocrx_word' id='word_1_191' title='bbox 547 2105 855 2147; x_wconf 53' lang='lat' dir='ltr'>‘facie-ndis*</span> <span class='ocrx_word' id='word_1_192' title='bbox 929 2107 1019 2147; x_wconf 89' lang='lat' dir='ltr'>Die</span> <span class='ocrx_word' id='word_1_193' title='bbox 1042 2120 1148 2147; x_wconf 87' lang='lat' dir='ltr'>vero</span> <span class='ocrx_word' id='word_1_194' title='bbox 1183 2106 1341 2147; x_wconf 90' lang='lat' dir='ltr'>Sancti</span> <span class='ocrx_word' id='word_1_195' title='bbox 1367 2106 1562 2148; x_wconf 83' lang='lat' dir='ltr'>Andreae</span> <span class='ocrx_word' id='word_1_196' title='bbox 1590 2106 1804 2160; x_wconf 87' lang='lat' dir='ltr'>Apostoli</span> 
     </span>
     <span class='ocr_line' id='line_1_29' title="bbox 546 2171 1804 2215; baseline 0.002 -3"><span class='ocrx_word' id='word_1_197' title='bbox 546 2171 666 2212; x_wconf 85' lang='lat' dir='ltr'>idem</span> <span class='ocrx_word' id='word_1_198' title='bbox 689 2171 719 2213; x_wconf 88' lang='lat' dir='ltr'><strong>J</strong></span> <span class='ocrx_word' id='word_1_199' title='bbox 724 2172 926 2213; x_wconf 89' lang='lat' dir='ltr'>ohannes</span> <span class='ocrx_word' id='word_1_200' title='bbox 948 2172 1004 2213; x_wconf 92' lang='lat' dir='ltr'>de</span> <span class='ocrx_word' id='word_1_201' title='bbox 1028 2171 1225 2213; x_wconf 84' lang='lat' dir='ltr'>Balliolo</span> <span class='ocrx_word' id='word_1_202' title='bbox 1247 2171 1435 2213; x_wconf 87' lang='lat' dir='ltr'>effectus</span> <span class='ocrx_word' id='word_1_203' title='bbox 1448 2177 1519 2213; x_wconf 84' lang='lat' dir='ltr'>est</span> <span class='ocrx_word' id='word_1_204' title='bbox 1538 2185 1621 2214; x_wconf 89' lang='lat' dir='ltr'>rex</span> <span class='ocrx_word' id='word_1_205' title='bbox 1638 2173 1804 2215; x_wconf 88' lang='lat' dir='ltr'>Scotiae</span> 
     </span>
     <span class='ocr_line' id='line_1_30' title="bbox 544 2237 1804 2291; baseline 0.002 -13"><span class='ocrx_word' id='word_1_206' title='bbox 544 2250 670 2278; x_wconf 84' lang='lat' dir='ltr'>more</span> <span class='ocrx_word' id='word_1_207' title='bbox 689 2237 946 2287; x_wconf 87' lang='lat' dir='ltr'>Scotorum,</span> <span class='ocrx_word' id='word_1_208' title='bbox 968 2238 1046 2290; x_wconf 91' lang='lat' dir='ltr'>qui</span> <span class='ocrx_word' id='word_1_209' title='bbox 1065 2238 1287 2290; x_wconf 88' lang='lat' dir='ltr'>sequitur.</span> <span class='ocrx_word' id='word_1_210' title='bbox 1320 2237 1459 2291; x_wconf 89' lang='lat' dir='ltr'>Apud</span> <span class='ocrx_word' id='word_1_211' title='bbox 1478 2239 1804 2280; x_wconf 86' lang='lat' dir='ltr'>monasterium</span> 
     </span>
     <span class='ocr_line' id='line_1_31' title="bbox 330 2302 1805 2370; baseline 0.002 -27"><span class='ocrx_word' id='word_1_212' title='bbox 330 2311 459 2370; x_wconf 43' lang='lat'>3223&amp;</span> <span class='ocrx_word' id='word_1_213' title='bbox 472 2347 500 2370; x_wconf 80' lang='lat' dir='ltr'>at</span> <span class='ocrx_word' id='word_1_214' title='bbox 546 2302 601 2342; x_wconf 93' lang='lat' dir='ltr'>de</span> <span class='ocrx_word' id='word_1_215' title='bbox 625 2302 772 2344; x_wconf 90' lang='lat' dir='ltr'>Scone</span> <span class='ocrx_word' id='word_1_216' title='bbox 796 2304 975 2356; x_wconf 91' lang='lat' dir='ltr'>positus</span> <span class='ocrx_word' id='word_1_217' title='bbox 998 2308 1097 2344; x_wconf 88' lang='lat' dir='ltr'>erat</span> <span class='ocrx_word' id='word_1_218' title='bbox 1116 2303 1235 2356; x_wconf 89' lang='lat' dir='ltr'>lapis</span> <span class='ocrx_word' id='word_1_219' title='bbox 1256 2303 1526 2356; x_wconf 85' lang='lat' dir='ltr'>pergrandis</span> <span class='ocrx_word' id='word_1_220' title='bbox 1550 2305 1598 2344; x_wconf 93' lang='lat' dir='ltr'>in</span> <span class='ocrx_word' id='word_1_221' title='bbox 1612 2304 1805 2346; x_wconf 86' lang='lat' dir='ltr'>ecclesia</span> 
     </span>
     <span class='ocr_line' id='line_1_32' title="bbox 330 2367 1806 2422; baseline 0.002 -14"><span class='ocrx_word' id='word_1_222' title='bbox 330 2378 426 2408; x_wconf 81' lang='lat' dir='ltr'>scone,</span> <span class='ocrx_word' id='word_1_223' title='bbox 546 2368 634 2409; x_wconf 93' lang='lat' dir='ltr'>Dei</span> <span class='ocrx_word' id='word_1_224' title='bbox 660 2368 801 2422; x_wconf 87' lang='lat' dir='ltr'>juxta</span> <span class='ocrx_word' id='word_1_225' title='bbox 835 2369 985 2422; x_wconf 90' lang='lat' dir='ltr'>majus</span> <span class='ocrx_word' id='word_1_226' title='bbox 1018 2369 1180 2418; x_wconf 83' lang='lat' dir='ltr'>altare,</span> <span class='ocrx_word' id='word_1_227' title='bbox 1217 2381 1446 2410; x_wconf 86' lang='lat' dir='ltr'>concavus</span> <span class='ocrx_word' id='word_1_228' title='bbox 1475 2370 1655 2421; x_wconf 90' lang='lat' dir='ltr'>quidem</span> <span class='ocrx_word' id='word_1_229' title='bbox 1688 2367 1806 2411; x_wconf 89' lang='lat' dir='ltr'>‘et’⁵</span> 
     </span>
     <span class='ocr_line' id='line_1_33' title="bbox 545 2433 1803 2488; baseline 0.003 -15"><span class='ocrx_word' id='word_1_230' title='bbox 545 2433 602 2473; x_wconf 86' lang='lat' dir='ltr'>ad</span> <span class='ocrx_word' id='word_1_231' title='bbox 628 2433 812 2475; x_wconf 89' lang='lat' dir='ltr'>modum</span> <span class='ocrx_word' id='word_1_232' title='bbox 843 2434 1051 2476; x_wconf 86' lang='lat' dir='ltr'>rotundae</span> <span class='ocrx_word' id='word_1_233' title='bbox 1079 2434 1309 2475; x_wconf 80' lang='lat' dir='ltr'>cathedrae</span> <span class='ocrx_word' id='word_1_234' title='bbox 1342 2434 1592 2483; x_wconf 87' lang='lat' dir='ltr'>confectus,</span> <span class='ocrx_word' id='word_1_235' title='bbox 1628 2435 1673 2475; x_wconf 91' lang='lat' dir='ltr'>in</span> <span class='ocrx_word' id='word_1_236' title='bbox 1711 2448 1803 2488; x_wconf 91' lang='lat' dir='ltr'>quo</span> 
     </span>
    </p>
   </div>
   <div class='ocr_carea' id='block_1_5' title="bbox 544 2498 1805 2553">
    <p class='ocr_par' dir='ltr' id='par_1_5' title="bbox 544 2498 1805 2553">
     <span class='ocr_line' id='line_1_34' title="bbox 544 2498 1805 2553; baseline 0.003 -16"><span class='ocrx_word' id='word_1_237' title='bbox 544 2498 687 2540; x_wconf 89' lang='lat' dir='ltr'>futuri</span> <span class='ocrx_word' id='word_1_238' title='bbox 716 2513 848 2552; x_wconf 83' lang='lat' dir='ltr'>reges</span> <span class='ocrx_word' id='word_1_239' title='bbox 878 2500 980 2541; x_wconf 91' lang='lat' dir='ltr'>loco</span> <span class='ocrx_word' id='word_1_240' title='bbox 1012 2500 1143 2553; x_wconf 89' lang='lat' dir='ltr'>quasi</span> <span class='ocrx_word' id='word_1_241' title='bbox 1176 2500 1486 2540; x_wconf 89' lang='lat' dir='ltr'>coronationis</span> <span class='ocrx_word' id='word_1_242' title='bbox 1517 2501 1805 2553; x_wconf 86' lang='lat' dir='ltr'>ponebantur</span> 
     </span>
    </p>
   </div>
   <div class='ocr_carea' id='block_1_6' title="bbox 334 489 446 494">
    <p class='ocr_par' dir='ltr' id='par_1_6' title="bbox 334 489 446 494">
     <span class='ocr_line' id='line_1_35' title="bbox 334 489 446 494; baseline 0 0"><span class='ocrx_word' id='word_1_243' title='bbox 334 489 446 494; x_wconf 95' lang='lat' dir='ltr'> </span> 
     </span>
    </p>
   </div>
   <div class='ocr_carea' id='block_1_7' title="bbox 541 2635 1804 2770">
    <p class='ocr_par' dir='ltr' id='par_1_7' title="bbox 541 2635 1804 2770">
     <span class='ocr_line' id='line_1_36' title="bbox 591 2635 1804 2678; baseline 0.002 -10"><span class='ocrx_word' id='word_1_244' title='bbox 591 2635 600 2655; x_wconf 87' lang='lat'>¹</span> <span class='ocrx_word' id='word_1_245' title='bbox 623 2637 633 2654; x_wconf 89' lang='lat'>‘</span> <span class='ocrx_word' id='word_1_246' title='bbox 648 2638 804 2678; x_wconf 55' lang='lat' dir='ltr'>dominos</span> <span class='ocrx_word' id='word_1_247' title='bbox 820 2638 895 2670; x_wconf 89' lang='lat' dir='ltr'>MS.</span> <span class='ocrx_word' id='word_1_248' title='bbox 914 2638 1039 2670; x_wconf 81' lang='lat' dir='ltr'>Lansd.</span> <span class='ocrx_word' id='word_1_249' title='bbox 1240 2635 1253 2654; x_wconf 80' lang='lat'>³</span> <span class='ocrx_word' id='word_1_250' title='bbox 1271 2637 1547 2676; x_wconf 52' lang='lat' dir='ltr'>“amplectendof</span> <span class='ocrx_word' id='word_1_251' title='bbox 1586 2639 1684 2670; x_wconf 88' lang='lat' dir='ltr'><strong>MSS.</strong></span> <span class='ocrx_word' id='word_1_252' title='bbox 1718 2639 1804 2672; x_wconf 79' lang='lat' dir='ltr'>Coi!¹</span> 
     </span>
     <span class='ocr_line' id='line_1_37' title="bbox 589 2681 1562 2724; baseline 0.001 -11"><span class='ocrx_word' id='word_1_253' title='bbox 589 2681 600 2698; x_wconf 72' lang='lat'><strong>²</strong></span> <span class='ocrx_word' id='word_1_254' title='bbox 624 2683 633 2699; x_wconf 92' lang='lat'>‘</span> <span class='ocrx_word' id='word_1_255' title='bbox 646 2685 735 2722; x_wconf 88' lang='lat' dir='ltr'>quod</span> <span class='ocrx_word' id='word_1_256' title='bbox 749 2685 913 2724; x_wconf 84' lang='lat' dir='ltr'>sanguine</span> <span class='ocrx_word' id='word_1_257' title='bbox 929 2685 1022 2724; x_wconf 86' lang='lat' dir='ltr'>regio</span> <span class='ocrx_word' id='word_1_258' title='bbox 1038 2684 1071 2714; x_wconf 89' lang='lat' dir='ltr'>in</span> <span class='ocrx_word' id='word_1_259' title='bbox 1088 2694 1154 2715; x_wconf 82' lang='lat' dir='ltr'>uno</span> <span class='ocrx_word' id='word_1_260' title='bbox 1191 2683 1285 2715; x_wconf 84' lang='lat' dir='ltr'>Arm.</span> <span class='ocrx_word' id='word_1_261' title='bbox 1301 2683 1367 2714; x_wconf 83' lang='lat' dir='ltr'>aud</span> <span class='ocrx_word' id='word_1_262' title='bbox 1383 2683 1471 2714; x_wconf 83' lang='lat' dir='ltr'>Cott.</span> <span class='ocrx_word' id='word_1_263' title='bbox 1486 2683 1562 2714; x_wconf 85' lang='lat' dir='ltr'>Tib.</span> 
     </span>
     <span class='ocr_line' id='line_1_38' title="bbox 541 2728 1744 2770; baseline 0.005 -13"><span class='ocrx_word' id='word_1_264' title='bbox 541 2728 646 2765; x_wconf 67' lang='lat' dir='ltr'>gradu</span> <span class='ocrx_word' id='word_1_265' title='bbox 671 2731 850 2768; x_wconf 83' lang='lat' dir='ltr'>proximior</span> <span class='ocrx_word' id='word_1_266' title='bbox 873 2730 1054 2770; x_wconf 84' lang='lat' dir='ltr'>existeret‚&#39;</span> <span class='ocrx_word' id='word_1_267' title='bbox 1077 2730 1152 2761; x_wconf 90' lang='lat' dir='ltr'>MS.</span> <span class='ocrx_word' id='word_1_268' title='bbox 1241 2730 1252 2747; x_wconf 87' lang='lat'><strong>⁴</strong></span> <span class='ocrx_word' id='word_1_269' title='bbox 1273 2730 1282 2746; x_wconf 90' lang='lat'>‘</span> <span class='ocrx_word' id='word_1_270' title='bbox 1295 2729 1510 2768; x_wconf 59' lang='lat' dir='ltr'>faciendum:</span> <span class='ocrx_word' id='word_1_271' title='bbox 1526 2729 1601 2760; x_wconf 90' lang='lat' dir='ltr'>MS.</span> <span class='ocrx_word' id='word_1_272' title='bbox 1619 2730 1744 2763; x_wconf 85' lang='lat' dir='ltr'>Lansd.</span> 
     </span>
    </p>
   </div>
   <div class='ocr_carea' id='block_1_8' title="bbox 544 2773 1767 2814">
    <p class='ocr_par' dir='ltr' id='par_1_8' title="bbox 544 2773 1767 2814">
     <span class='ocr_line' id='line_1_39' title="bbox 544 2773 1767 2814; baseline 0.003 -11"><span class='ocrx_word' id='word_1_273' title='bbox 544 2773 665 2804; x_wconf 83' lang='lat' dir='ltr'>Lansd.</span> <span class='ocrx_word' id='word_1_274' title='bbox 1235 2773 1248 2791; x_wconf 83' lang='lat'>⁵</span> <span class='ocrx_word' id='word_1_275' title='bbox 1271 2775 1435 2814; x_wconf 84' lang='lat' dir='ltr'>Supplied</span> <span class='ocrx_word' id='word_1_276' title='bbox 1453 2774 1535 2806; x_wconf 81' lang='lat' dir='ltr'>from</span> <span class='ocrx_word' id='word_1_277' title='bbox 1554 2775 1627 2807; x_wconf 89' lang='lat' dir='ltr'>MS.</span> <span class='ocrx_word' id='word_1_278' title='bbox 1643 2776 1767 2808; x_wconf 86' lang='lat' dir='ltr'>Lansd.</span> 
     </span>
    </p>
   </div>
  </div>
 </body>
</html>
