1992 3202
536 292 595 333 34
1022 299 1083 328 CH
1090 299 1296 330 RONICON

344 418 501 446 Edwardr·
541 407 736 460 vilegiis,
771 411 817 446 et
853 404 954 445 aliis
989 404 1156 446 litteris
1197 404 1442 459 papalibus
1484 407 1529 444 et
1568 401 1800 454 regalibus

330 453 513 537 Atrax-29¹
544 472 755 521 extracti,
777 470 1003 524 quomodo
1027 483 1158 523 reges
1182 470 1421 512 Scotorum
1456 469 1640 522 regibus
1669 467 1800 520 Ang—

330 545 469 571 ⁸0⁰⁸1⁸¹¹⁶
543 540 690 581 lorum
711 536 924 589 homagia
952 535 1153 576 fecerant
1182 540 1228 577 et
1257 548 1335 577 eos
1355 539 1635 577 vocaverant
1655 533 1799 574 domi·

543 617 624 645 nos
656 616 788 644 suos:
822 602 1047 655 datusque
1074 606 1144 642 est
1172 601 1268 642 dies
1294 601 1446 643 brevis
1476 600 1531 641 ad
1566 599 1800 640 consulen-

544 670 651 710 dum
673 674 718 710 et
739 666 1116 721 respondendum.
1158 666 1366 719 Cumque
1385 667 1432 706 in
1453 664 1729 706 consulendo
1753 676 1802 704 se

544 734 747 776 difficiles
781 733 1049 775 exhiberent
1081 732 1322 774 attestavit
1353 744 1436 772 rex
1463 744 1546 784 per
1580 730 1801 771 Sanctum

546 799 840 849 Edwardum,
870 798 992 852 quod
1028 799 1154 852 prius
1175 798 1254 852 jus
1283 798 1413 850 regni
1445 796 1517 837 sui
1546 800 1593 837 et
1622 807 1802 836 coronae

546 866 704 907 Sancti
725 864 955 915 Edwardi,
979 864 1111 919 cujus
1131 864 1229 918 ipse
1251 862 1536 905 solummodo
1559 873 1803 902 conserva-

547 937 620 973 tor
643 932 875 981 extiterat,
901 930 975 972 vel
1002 930 1169 971 habere
1195 929 1390 981 deberet,
1415 928 1487 970 vel
1507 927 1620 968 illud
1648 939 1804 980 prose-

548 997 728 1050 quendo
751 997 808 1038 ad
828 1000 1020 1037 mortem
1040 995 1206 1036 ibidem
1227 995 1543 1043 occumberet;
1577 1005 1803 1035 convoca-

548 1067 678 1104 verat
709 1063 830 1104 enim
861 1061 1168 1114 Anglicanam
1201 1061 1412 1101 militiam
1441 1064 1492 1100 ut
1525 1071 1656 1100 suam
1687 1058 1805 1111 peti-

549 1129 735 1178 tionem,
757 1128 796 1168 si
812 1140 912 1169 eam
933 1127 1050 1168 sorte
1070 1127 1334 1168 frustrando
1364 1130 1600 1178 negarent,
1629 1123 1806 1177 magni-

550 1194 634 1235 fice
672 1192 947 1234 declarando
982 1196 1337 1245 prosequeretur
1374 1191 1431 1232 ad
1468 1196 1675 1231 mortem.
1741 1188 1807 1231 At

547 1259 615 1300 illi
632 1262 873 1312 magnates
894 1258 973 1311 qui
994 1258 1115 1299 circa
1137 1258 1471 1299 successionem
1494 1255 1622 1308 regni
1639 1255 1806 1296 Scotiae

548 1324 883 1378 disceptabant,
910 1323 991 1377 jus
1023 1324 1144 1377 regis
1177 1322 1359 1376 Angliae
1390 1323 1492 1363 luce
1523 1321 1692 1362 clarius
1732 1321 1809 1361 de-

546 1389 770 1432 claratum
797 1403 966 1443 negare
995 1402 1088 1431 non
1107 1389 1328 1439 valentes,
1358 1389 1627 1443 praedictum
1659 1386 1804 1428 domi-

549 1456 674 1496 nium
711 1455 859 1497 eidem
893 1460 1216 1497 concesserunt
1251 1468 1333 1509 per
1366 1455 1603 1508 scriptum,
1625 1454 1674 1494 in
1708 1452 1807 1493 haec

551 1522 688 1563 verba
710 1526 996 1574 conceptum.

764 1674 1133 1729 Oompromiserunt
1153 1674 1337 1715 Potentes
1357 1673 1403 1714 in
1426 1673 1587 1728 Reyem.

338 1794 470 1859 Qn‘iissg
479 1801 521 1858 gey—
620 1783 677 1825 A¹
701 1789 805 1824 touz
827 1783 873 1836 qi
893 1787 1016 1824 ceste
1039 1782 1174 1824 lettre
1193 1787 1378 1824 verront
1397 1795 1457 1824 ou
1478 1786 1683 1831 orrount,
1702 1781 1810 1822 Flo-

337 1862 387 1886 the
398 1860 519 1886 scottish
550 1862 685 1890 rence
708 1853 871 1891 counte
892 1849 947 1889 de
972 1848 1178 1898 Holand,
1203 1848 1381 1889 Robert
1401 1848 1456 1889 de
1481 1849 1602 1889 Brus
1625 1848 1809 1901 seignor

337 1894 495 1924 ammam,
551 1916 613 1956 du
643 1915 737 1958 Val
767 1914 1017 1963 d'Anaunt,
1047 1913 1078 1956 J
1083 1914 1203 1956 ohan
1237 1914 1294 1955 de
1331 1914 1500 1955 Baillol
1539 1914 1721 1967 seignor
1754 1913 1810 1954 de

554 1981 773 2034 Gaweye,
797 1980 827 2021 J
832 1980 952 2021 ohan
972 1980 1028 2021 de
1050 1980 1306 2033 Hastinges
1341 1980 1526 2032 seignor
1549 1980 1605 2021 de
1637 1980 1809 2032 Berge-

553 2059 688 2100 veny,
709 2046 739 2087 J
744 2045 864 2086 ohan
887 2045 1065 2099 Comyn
1095 2045 1278 2099 seignor
1298 2046 1354 2087 de
1390 2046 1691 2098 Badenough,
1717 2045 1809 2086 Pa-

553 2111 643 2153 trik
667 2111 723 2152 de
750 2111 961 2153 Dumbar
982 2116 1150 2152 counte
1180 2112 1236 2153 de
1267 2112 1314 2153 la
1338 2111 1546 2161 Marche‚
1567 2111 1598 2153 J
1602 2111 1722 2152 ohan
1754 2111 1810 2152 de

554 2178 710 2230 Vescy
734 2190 819 2230 por
847 2190 930 2219 son
960 2189 1084 2230 pere,
1110 2176 1307 2218 Nichole
1339 2178 1395 2218 de
1423 2177 1599 2227 Soules,
1626 2182 1672 2218 et
1694 2177 1811 2256 Wil-

554 2243 673 2284 lame
694 2243 750 2283 de
772 2243 886 2292 Ros,
908 2243 1034 2284 saluz
1055 2256 1111 2283 en
1132 2243 1249 2284 Deu.

623 2309 765 2350 Come
801 2321 883 2349 nos
917 2308 1186 2349 entendoms
1222 2309 1352 2351 avoir
1387 2308 1507 2350 droit
1543 2322 1600 2350 en
1641 2308 1810 2350 realme

555 2374 791 2425 d'Escoce,
808 2387 832 2415 e
851 2374 919 2415 cel
936 2374 1058 2415 droit
1075 2379 1318 2423 moustrer,
1339 2374 1597 2427 chalenger,
1616 2378 1662 2414 et
1683 2387 1810 2415 aver-

554 2453 628 2481 rer
640 2441 842 2482 devaunt
863 2440 996 2490 celui,
1020 2440 1067 2493 qi
1084 2440 1205 2493 pluis
1219 2440 1275 2481 de
1296 2452 1423 2493 poet,
1435 2439 1750 2494 jurisdiccion,
1764 2444 1809 2481 et

555 2519 690 2547 reson
715 2511 817 2547 eust
840 2506 895 2547 de
917 2506 1028 2546 trier
1050 2510 1204 2546 nostre
1228 2505 1347 2546 droit
1366 2519 1377 2556 ;

621 2571 660 2612 E
684 2572 727 2612 le
747 2571 882 2612 noble
903 2571 1057 2624 prince
1076 2571 1166 2612 sire
1185 2570 1397 2621 Edward,
1419 2583 1503 2624 par
1524 2571 1570 2612 la
1590 2584 1727 2623 grace
1754 2571 1810 2612 de

602 2736 610 2753 ¹
634 2738 716 2768 This
740 2739 805 2769 and
826 2738 881 2770 the
905 2739 1077 2779 following
1099 2738 1276 2769 document
1299 2747 1355 2768 are
1377 2738 1509 2777 printed
1529 2738 1611 2769 from
1626 2737 1682 2769 the
1698 2738 1811 2779 Origi-

554 2783 626 2814 nals
643 2784 675 2813 in
692 2783 747 2814 the
764 2784 911 2823 Chapter
927 2785 1056 2816 House.
