2038 3306
482 292 706 324 wmffnm
739 292 802 323 nn
833 291 1208 323 nnmncnuncu.
1386 281 1474 323 229

216 397 557 440 confitebantur
574 397 783 452 requisiti
803 410 852 438 se
871 402 1047 440 tantam
1063 396 1229 440 habere
1247 409 1470 438 summam

215 463 397 505 nomine
419 463 611 505 fratrum
634 463 1009 505 Praedicatorum.
1083 463 1143 505 Et
1161 462 1319 505 statim
1351 474 1473 516 papa

217 530 527 584 sequestravit
566 543 683 579 eam,
729 529 885 571 dicens
927 529 1053 571 illam
1100 541 1201 570 esse
1237 541 1383 578 suam,
1427 533 1474 571 et

217 596 382 637 fratres
403 596 711 637 mendicantes
740 595 976 650 proprium
1005 595 1173 637 habere
1202 607 1294 635 non
1322 606 1474 648 posse,

215 667 262 703 et
289 662 356 703 sic
385 662 630 703 evacuavit
657 674 753 712 eos,
777 661 972 715 pecunia
1001 664 1014 683 ‘
1031 660 1244 715 perdita:
1265 658 1278 681 ¹
1347 663 1361 681 ‘
1379 659 1474 701 Hic

215 727 355 769 etiam
379 727 647 770 Bonifacius
670 726 935 769 Albertum⁹
962 727 1086 780 regis
1110 725 1366 768 Alemaniae
1393 739 1476 780 per

217 794 436 848 praelatos
461 799 508 835 et
539 793 766 848 principes
791 792 1047 834 Alemaniae
1076 792 1123 832 in
1152 792 1475 846 imperatorem

215 860 427 910 electum,
450 858 738 901 confirmavit
758 871 863 900 eum
885 858 933 899 in
964 870 1118 910 regem
1145 857 1476 907 Romanorum,

216 931 262 967 et
294 938 322 966 a
357 925 735 979 procuratoribus
770 924 867 965 suis
897 923 1212 978 juramentum
1242 927 1478 976 receperat

214 990 467 1041 fidelitatis,
485 995 530 1032 et
547 990 668 1045 quod
684 989 886 1031 alienata
904 989 961 1030 de
974 988 1165 1043 imperio
1182 989 1450 1030 revocaret.’
1461 987 1477 1010 ³

571 1138 782 1195 Depositio
805 1138 1114 1181 Oardimliwm.

286 1253 378 1294 Hic
395 1254 532 1295 etiam
549 1253 814 1295 Bonifacius
829 1253 944 1295 duos
958 1253 1215 1295 cardinales
1227 1253 1478 1296 deColum-

221 1332 295 1369 na,
321 1320 350 1361 J
355 1320 546 1361 acobum
573 1319 747 1361 scilicet
775 1325 821 1361 et
847 1320 1036 1361 Petrum
1062 1325 1275 1374 nepotem
1297 1320 1327 1362 J
1331 1322 1479 1371 acobi,

222 1391 410 1439 propter
432 1398 589 1427 corum
618 1385 840 1427 demerita
869 1385 1081 1439 deposuit
1102 1387 1241 1427 etiam
1262 1399 1409 1440 usque
1433 1388 1479 1428 in

220 1456 433 1505 quartum
444 1451 653 1505 gradum,
663 1456 710 1493 et
724 1452 1046 1505 pronunciavit
1062 1465 1140 1493 eos
1148 1464 1248 1494 esse
1260 1451 1478 1494 schisma·

224 1517 356 1567 ticos,
373 1530 427 1558 eo
445 1517 566 1571 quod
588 1517 828 1570 imaginati
843 1517 1024 1559 fuerant
1041 1518 1088 1559 in
1109 1523 1302 1559 mortem
1320 1518 1479 1572 ipsius.

218 1582 286 1624 At
309 1583 375 1624 illi
397 1583 691 1636 congregatis
711 1583 991 1624 exercitibus
1014 1584 1408 1638 persequebantur
1430 1598 1479 1627 se

221 1654 267 1690 et
288 1662 412 1698 suos,
425 1654 472 1690 et
494 1653 758 1691 everterunt
778 1653 930 1690 castra
947 1662 1133 1691 suorum
1152 1649 1231 1691 ubi
1251 1655 1476 1703 poterant.

224 1714 474 1756 Habebant
501 1715 639 1756 etiam
668 1714 895 1768 quendam
926 1719 1157 1769 nepotem,
1177 1715 1370 1757 militem
1396 1730 1478 1770 po-

223 1786 394 1823 tentem
420 1787 464 1822 et
500 1779 909 1830 strenuissimum‚⁴
929 1782 1007 1835 qui
1038 1782 1084 1822 in
1111 1781 1270 1835 vigilia
1294 1781 1478 1824 Nativi-

221 1848 331 1889 tatis
352 1848 502 1889 beatae
534 1847 699 1888 Mariae
721 1846 846 1888 venit
867 1845 1096 1889 Ananiam
1135 1861 1239 1889 cum
1272 1849 1479 1891 exercitu

221 1914 425 1968 copioso,
441 1914 520 1954 ubi
536 1918 636 1955 erat
652 1913 895 1954 thesaurus
914 1926 1048 1968 papae
1065 1926 1093 1954 a
1111 1914 1257 1955 multo
1275 1919 1480 1968 tempore

222 1979 485 2022 reconditus
524 1979 571 2020 in
604 1979 834 2021 tutissimo
865 1979 1056 2032 palatio,
1081 1985 1127 2021 et
1155 1985 1254 2020 erat
1279 1980 1342 2021 ibi
1371 1985 1479 2022 tunc

221 2045 434 2087 dominus
458 2058 594 2099 papa.
666 2045 759 2086 Hic
780 2045 1062 2099 conspiravit
1078 2050 1123 2086 et
1146 2046 1360 2088 convenit
1377 2059 1481 2088 cum

222 2112 524 2165 optimatibus
558 2110 761 2152 civitatis
799 2110 1021 2165 ejusdem,
1058 2111 1145 2152 sub
1179 2123 1261 2165 spe
1294 2112 1479 2166 partici-

223 2178 421 2231 pationis
451 2177 593 2218 futuri
625 2176 756 2226 lucri,
786 2176 908 2229 quod
941 2189 1031 2218 non
1057 2177 1324 2220 resisterent
1353 2178 1395 2219 ei
1422 2178 1480 2219 ad

222 2243 458 2285 introitum
479 2255 628 2295 neque
648 2243 839 2293 exitum,
864 2247 911 2284 et
923 2242 1198 2297 juraverunt
1219 2243 1277 2293 ei,
1305 2244 1479 2297 ingres-

223 2323 394 2363 susque
424 2313 495 2350 est
524 2309 761 2351 civitatem
795 2308 928 2362 quasi
952 2321 1131 2350 summo
1162 2321 1310 2359 mane,
1335 2314 1382 2351 et
1411 2310 1479 2351 in-

270 2505 278 2524 ¹
302 2503 427 2543 ‘dataq'
442 2502 518 2534 MS.
535 2502 660 2535 Lansd.
872 2502 1010 2533 omitted
1044 2502 1079 2533 in
1116 2502 1192 2535 MS.
1227 2502 1353 2536 Lansd.
1411 2504 1484 2535 The

268 2551 280 2569 ²
313 2550 432 2582 Albert
462 2550 493 2581 Ι.
524 2549 561 2580 of
593 2549 733 2580 Austria
766 2558 838 2579 was
874 2548 981 2580 whole
998 2557 1142 2589 passage
1158 2549 1187 2580 is
1203 2552 1351 2589 corrupt.
1389 2549 1485 2591 Pope

221 2595 376 2630 crowned
414 2605 567 2635 emperor
611 2595 748 2635 August
784 2597 839 2635 24,
872 2594 1034 2626 Boniface
1062 2594 1241 2626 confirmed
1267 2595 1321 2626 the
1350 2595 1423 2627 title
1453 2597 1492 2628 of

224 2647 319 2684 1298,
334 2653 376 2675 on
394 2642 449 2673 the
465 2642 654 2681 deposition
678 2641 715 2672 of
733 2641 838 2673 Adol-
872 2641 992 2672 Albert
1016 2642 1059 2680 by
1075 2650 1095 2671 a
1116 2641 1186 2671 bull
1202 2641 1303 2672 dated
1320 2641 1417 2682 April
1434 2644 1488 2680 30,

222 2691 310 2731 phus
326 2690 363 2722 of
375 2689 523 2720 Nassau.
876 2690 971 2727 1303,
984 2686 1108 2727 having
1117 2687 1310 2727 previously
1324 2689 1487 2729 regarded

873 2734 941 2765 him
958 2743 995 2764 as
1011 2743 1054 2764 an
1069 2743 1222 2773 usurper.

269 2780 282 2799 ³
303 2783 312 2799 ⁴
328 2781 396 2813 Hic
419 2781 519 2812 etiam
539 2805 546 2812 .
564 2802 572 2812 .
593 2804 600 2811 .
621 2804 627 2811 .
645 2780 840 2812 revocaret!
923 2780 933 2797 ⁴
957 2778 1153 2812 Guillaume
1169 2779 1211 2812 de
1229 2779 1389 2820 Nogaret.

1509 404 1628 431 savard
1641 404 1668 430 Ι.

1504 440 1540 465 Δ.
1551 439 1586 464 D.
1600 438 1676 463 1³03.

1498 1789 1575 1821 Sept.
1590 1788 1615 1814 7.
