2038 3306
381 439 502 465 Edwud
514 439 538 465 1.

381 473 459 498 Aa).
476 473 551 498 ¹297.

367 537 469 564 Affain
481 536 511 562 ol

366 570 510 596 scotland.

366 620 428 645 The
440 619 518 644 Scot-

367 655 410 678 net
423 653 472 677 flre
485 654 514 677 to

368 685 480 711 Ritton.

368 2014 439 2039 Lord
451 2014 565 2039 Clifl'ord.

366 2048 465 2072 makes
477 2054 512 2072 an

366 2080 508 2105 incunion

367 2113 428 2138 into
439 2114 554 2138 ,411111111-

368 2146 440 2172 dale.

580 315 665 356 146
870 334 873 336 -
1069 325 1345 356 01111οΝ10011

640 429 942 483 Egredientes
964 428 1148 470 tandem
1172 428 1300 470 Scoti
1319 428 1376 470 de
1395 429 1497 470 loco
1518 428 1615 479 illo,
1638 429 1842 470 tetende-

582 500 688 537 runt
707 495 827 536 acies
855 507 964 536 suas
990 507 1150 535 versus
1178 493 1365 536 Novum
1387 493 1604 536 Castrum
1625 508 1684 536 ex
1706 500 1839 548 parte

584 561 745 602 boriali
782 560 838 601 de
873 560 1019 614 Tyne,
1041 565 1088 601 et
1114 572 1218 600 cum
1256 565 1410 600 essent
1442 573 1503 601 ex
1537 560 1751 614 opposito
1781 561 1837 601 il·

584 627 672 668 lius
693 626 816 667 villae
839 625 896 667 de
917 626 1094 679 Ryton,
1119 625 1291 677 egressi
1320 629 1430 666 sunt
1452 625 1540 667 viri
1561 625 1743 678 quidam
1780 639 1840 667 ex

585 692 743 734 eadem
782 691 891 733 villa
930 696 977 733 et
1010 690 1347 732 maledicebant
1381 690 1463 739 eis,
1501 703 1593 731 non
1626 691 1840 733 timentes

584 770 663 799 eos
705 770 760 799 eo
811 757 934 810 quod
987 769 1109 810 aqua
1153 755 1548 810 superabundaret
1598 755 1645 797 in
1690 761 1840 809 parte.
1861 789 1863 791 .

586 823 794 877 Moxque
826 836 885 864 ex
918 822 1069 864 Scotis
1099 822 1378 864 transierunt
1398 821 1548 870 multi,
1575 824 1623 862 et
1651 821 1841 863 eandem

584 889 740 930 villam
774 888 1068 930 incendentes
1105 888 1323 930 continuo
1358 887 1529 928 reversi
1566 891 1691 937 sunt,
1721 886 1842 940 fugi-

585 955 855 1008 entibusque
891 954 1053 996 incolis
1080 954 1178 1008 jam
1221 953 1378 994 statim
1420 965 1576 994 rumor
1619 953 1840 1003 ascendit,

586 1019 886 1062 “Adveniunt
913 1020 1086 1070 Scoti‚”
1109 1019 1344 1072 crevitque
1376 1017 1549 1059 clamor
1571 1023 1617 1060 et
1637 1018 1841 1060 ululatus

586 1098 740 1127 eorum
760 1099 842 1140 per
855 1086 1135 1139 provinciam
1150 1089 1311 1134 totam,
1332 1089 1379 1126 et
1392 1084 1610 1136 fugerunt
1625 1088 1671 1126 et
1686 1097 1842 1125 secum

586 1156 940 1205 asportaverunt
965 1152 1085 1193 bona
1115 1162 1216 1199 sua,
1252 1163 1345 1191 11011
1377 1149 1562 1202 quidem
1592 1150 1638 1190 in
1670 1149 1841 1202 gaudio

585 1217 664 1257 sed
685 1218 733 1258 111
767 1216 905 1268 Ηο111;
936 1229 1019 1258 1100
1039 1221 1138 1258 erat
1159 1216 1238 1269 qui
1260 1215 1496 1256 resisteret
1516 1227 1597 1256 seu
1621 1214 1680 1256 ad
1704 1215 1841 1256 resis-

586 1282 771 1323 tendum
793 1294 843 1323 se
869 1286 1068 1335 pararet,
1091 1281 1179 1322 nisi
1208 1279 1545 1322 Dunolmenses
1575 1285 1623 1321 et
1642 1280 1766 1322 cives
1785 1280 1843 1321 de

588 1346 725 1388 Novo
762 1347 942 1389 Castro.
1011 1346 1115 1388 Viri
1147 1346 1267 1387 enim
1303 1345 1495 1386 animosi
1528 1346 1607 1398 qui
1642 1351 1773 1387 erant
1793 1347 1839 1387 in

583 1413 798 1466 praesidio
830 1412 956 1454 Novi
982 1411 1135 1454 Castri
1164 1416 1446 1465 paraverunt
1465 1423 1514 1451 30
1539 1411 1596 1452 ad
1620 1424 1840 1464 pugnam,

583 1479 868 1531 egredientes
898 1479 956 1520 ab
986 1479 1113 1527 urbe,
1139 1490 1229 1518 non
1266 1477 1402 1530 longe
1435 1482 1589 1518 tamen
1627 1490 1682 1518 eo
1718 1477 1839 1531 quod

582 1544 800 1597 perpauci
829 1544 1012 1585 fuerant
1030 1548 1242 1597 respectu
1278 1542 1541 1583 multorum.
1613 1541 1749 1593 Quod
1774 1543 1842 1584 vi·

581 1608 741 1650 dentes
761 1609 903 1659 Scoti,
925 1609 1270 1650 declinaverunt
1291 1609 1348 1648 ab
1372 1609 1497 1657 urbe,
1519 1613 1565 1649 et
1586 1607 1842 1649 dividentes

579 1674 699 1715 inter
713 1688 763 1715 se
782 1674 931 1727 spolia
946 1675 1158 1728 quaesita,
1173 1673 1458 1715 tradiderunt
1472 1672 1843 1732 Galwalcnsibus

582 1744 737 1793 partes
758 1752 883 1790 suaS,
904 1744 950 1782 et
972 1740 1182 1781 abierunt
1203 1739 1250 1780 in
1271 1738 1374 1781 loca
1394 1751 1495 1781 sua.

650 1886 1118 1943 Oarliolensesseoorunt
1137 1885 1316 1928 Praedas
1336 1886 1383 1927 in
1414 1885 1532 1927 Valle
1550 1886 1775 1928 Anandioe.

647 2001 884 2042 Modicum
915 2005 1021 2042 ante
1053 1999 1224 2042 Natale
1258 2000 1463 2050 Domini,
1495 2000 1706 2041 dominus
1742 2000 1839 2042 Ro-

581 2067 737 2107 bertus
758 2066 814 2108 de
847 2065 1034 2107 Clifl'ord
1070 2079 1174 2107 cum
1204 2071 1388 2107 centum
1423 2067 1611 2108 armatis
1639 2066 1840 2108 civitatis

583 2137 629 2173 et
668 2132 916 2173 comitatus
952 2131 1158 2182 Carlioli,
1190 2136 1237 2173 01
1278 2142 1366 2172 xx.
1394 2132 1597 2172 millibus
1631 2131 1838 2185 peditum

583 2197 833 2239 electorum
884 2197 1120 2250 ingressus
1173 2202 1244 2239 est
1286 2196 1471 2239 Vallem
1517 2196 1744 2239 Anandiae
1788 2204 1842 2240 ut

582 2263 868 2317 praedaretur
892 2263 1075 2304 ibidem.
1138 2262 1346 2317 Cumque
1378 2263 1653 2304 transissent
1674 2276 1842 2317 aquam

582 2329 638 2370 de
674 2328 924 2379 Sulewath‚
953 2342 1063 2370 mox
1095 2341 1208 2370 voce
1239 2329 1466 2382 praeconis
1505 2329 1841 2370 conclamatum

583 2400 654 2436 est
694 2399 746 2436 ut
789 2394 903 2435 nulli
945 2394 1191 2448 quicquam
1225 2395 1334 2435 boni
1376 2394 1579 2436 facerent
1618 2394 1705 2435 nisi
1740 2400 1842 2437 tan-

582 2465 678 2502 tum
731 2460 914 2502 sibimet
953 2460 1081 2514 ipsis.
1174 2458 1280 2510 Quo
1324 2459 1499 2509 audito,
1539 2460 1690 2512 gavisi
1734 2466 1843 2502 sunt

581 2525 830 2578 pedestres,
861 2530 908 2568 et
938 2526 1154 2567 continuo
1185 2525 1243 2567 ad
1278 2525 1459 2578 praedas
1494 2525 1689 2579 dispersi
1719 2531 1841 2568 sunt.

582 2591 832 2645 Equestres
871 2604 980 2634 vero
1014 2595 1196 2633 maturo
1231 2603 1393 2644 gressu
1425 2596 1761 2643 processerunt,
1795 2597 1841 2633 et

580 2657 731 2698 simul.
794 2656 1002 2711 Cumque
1023 2657 1257 2699 venissent
1277 2657 1324 2698 in
1355 2669 1484 2698 mora
1506 2656 1650 2710 juxta
1681 2655 1839 2698 Anan-

580 2721 717 2771 diam,
756 2736 860 2764 ecce
899 2723 1062 2764 incolae
1107 2722 1312 2776 ejusdem
1359 2722 1607 2775 provinciae
1646 2722 1840 2763 adunati

580 2789 810 2829 venientes
843 2789 1216 2842 improperabant
1237 2788 1317 2837 eis,
1343 2792 1560 2830 vocantes
1595 2800 1673 2830 eos
1704 2801 1840 2834 canes
