2038 3306
496 294 723 326 WALTEM
755 294 818 325 DE
849 295 1227 327 HBMINGBURGH.
1403 282 1492 328 377

227 397 436 440 dederint
471 397 728 449 consilium,
764 399 1005 450 auxilium,
1029 400 1102 442 vel
1140 399 1361 449 favorem,
1393 412 1490 440 ma·
1508 408 1708 469 Eg'ssffiff·

221 463 342 519 joris
387 466 875 507 excommunicationis
929 466 1174 516 sententia,
1220 466 1341 507 sicut
1383 470 1492 506 sunt
1508 461 1647 524 33¹2„ssoe
1659 462 1695 523 Μ’

229 542 259 571 a
279 530 452 572 sanctis
482 531 690 584 patribus
720 531 964 573 innodatos
995 537 1042 573 ct
1071 531 1491 573 excommunicatos
1509 531 1707 557 0¹⁰0¹¹¹¹¹¹¹¹¹¹¹·

1557 565 1603 589 ion

230 595 371 637 fuisse
395 601 441 638 et
462 609 563 638 esse
584 597 930 647 denunciamus,
948 602 995 639 et
1015 610 1044 638 a
1066 597 1297 639 liminibus
1320 601 1492 638 sanctae
1508 568 1682 628 mmmm

1510 630 1644 656 violaton
1657 629 1689 654 os

230 662 393 704 matris
431 662 634 704 ecclesiae
674 668 1034 716 sequestramus,
1077 663 1354 705 auctoritate
1402 662 1492 703 Dei
1509 662 1693 721 ffigigfflm

232 727 388 769 Patris
404 728 746 782 omnipotentis,
758 729 906 769 beatae
930 728 1095 770 Mariae
1117 729 1309 782 virginis
1333 728 1492 770 matris
1510 729 1633 755 Chufch·

230 806 344 844 suae,
387 794 510 836 beati
552 793 746 835 Thomae
789 794 1005 848 martyris
1047 794 1252 847 gloriosi,
1298 794 1494 836 Sancto-

232 872 425 913 rumque
471 860 689 909 omnium,
723 859 904 913 publice
940 865 988 901 et
1025 859 1288 901 solemniter
1322 860 1369 901 in
1407 859 1494 901 hiis

231 924 430 978 scriptis.
501 924 622 966 Item
661 937 765 966 cum
799 924 846 965 in
887 924 1066 977 Magna
1103 924 1246 967 Carta
1285 925 1494 975 Henrici‚

233 990 466 1042 quondam
498 990 620 1043 regis
640 988 840 1043 Angliae,
861 990 922 1031 sit
962 1003 1230 1031 concessum
1269 1003 1324 1032 ac
1356 991 1494 1032 etiam

232 1055 508 1107 ordinatum,
530 1055 652 1109 quod
674 1055 828 1096 nullus
854 1055 971 1096 liber
999 1055 1136 1098 homo
1162 1057 1292 1109 regni
1310 1055 1494 1110 Angliae

233 1122 458 1175 capiatur,
498 1122 573 1163 vel
612 1122 951 1175 imprisonetur,
996 1127 1077 1163 aut
1115 1122 1402 1164 disseisiatur
1438 1122 1495 1164 de

231 1187 375 1229 libero
405 1192 666 1229 tenemento
686 1201 787 1237 suo,
811 1187 885 1229 vel
914 1187 1203 1230 libertatibus
1230 1194 1313 1230 aut
1341 1189 1496 1230 liberis

233 1253 638 1295 consuetudinibus
660 1254 771 1303 suis,
793 1266 874 1294 seu
896 1253 1206 1307 outhlagetur,
1227 1254 1301 1295 vel
1322 1255 1496 1305 exulet,

233 1325 315 1360 aut
335 1319 488 1373 aliquo
513 1320 604 1362 alio
628 1319 763 1361 modo
798 1319 1089 1369 destruatur3
1123 1320 1336 1374 quodque
1359 1322 1497 1374 super

232 1385 425 1427 liberum
463 1386 690 1427 hominem
724 1385 985 1440 hujusmodi
1033 1399 1116 1427 rex
1161 1399 1251 1427 non
1296 1387 1381 1428 ibit
1423 1387 1496 1428 vel

234 1452 402 1502 mittet,
423 1452 512 1493 nisi
542 1465 624 1506 per
653 1451 802 1505 legale
826 1451 1051 1506 judicium
1082 1452 1261 1505 parium
1292 1465 1496 1503 suorum,

234 1518 308 1558 vel
353 1531 436 1571 per
473 1518 620 1571 legem
656 1523 791 1559 terrae
826 1517 1130 1571 Anglicanae;
1176 1523 1222 1560 et
1252 1518 1374 1572 quod
1414 1532 1497 1560 rex

235 1583 350 1624 nulli
398 1584 599 1636 negabit,
655 1583 769 1625 nulli
816 1583 984 1625 vendet
1031 1583 1102 1625 vel
1151 1583 1351 1625 differret
1397 1597 1495 1626 rec-

236 1655 334 1691 tum
372 1649 443 1690 vel
472 1649 735 1704 justitiam3
781 1649 996 1703 quodque
1035 1649 1201 1691 civitas
1245 1649 1497 1691 Londoniae

236 1715 403 1756 habeat
437 1728 594 1757 omnes
633 1715 848 1769 antiquas
890 1711 1203 1757 ‘libertates’¹
1243 1721 1290 1757 et
1329 1716 1497 1757 liberas

235 1781 589 1823 consuetudines
613 1794 723 1823 suas
742 1795 753 1833 ;
791 1781 983 1835 aliaeque
1007 1781 1240 1823 nonnullae
1260 1781 1498 1823 libertates

236 1853 284 1889 et
329 1848 486 1889 liberae
527 1847 882 1889 consuetudines
919 1847 968 1888 in
1003 1847 1127 1889 dicta
1168 1847 1309 1889 Carta
1354 1861 1498 1901 regno

235 1913 436 1967 Angliae,
452 1913 511 1954 ad
524 1913 614 1954 Dei
631 1913 811 1954 laudem
828 1918 874 1955 et
889 1913 1100 1966 gloriam,
1115 1913 1320 1955 ecclesiae
1340 1913 1500 1955 catho-

235 1979 334 2021 licae
361 1992 536 2033 pacem,
564 1984 611 2020 et
641 1979 772 2032 regni
795 1979 993 2032 quietem
1029 1979 1219 2032 provide
1249 1986 1359 2021 sunt
1396 1992 1499 2020 con-

234 2058 394 2096 cessae,
412 2050 460 2087 et
474 2046 531 2086 ab
550 2044 905 2099 archiepiscopis
925 2050 973 2086 et
987 2044 1213 2098 episcopis
1226 2045 1337 2086 dicti
1354 2045 1499 2098 regni,

234 2111 635 2162 excommunicati,
666 2110 1060 2160 anathematizati,
1113 2116 1160 2152 et
1200 2123 1229 2152 a
1267 2111 1499 2152 liminibus

236 2182 411 2219 sanctae
447 2177 608 2219 matris
646 2176 850 2218 ecclesiae
887 2176 1072 2218 fuerunt
1111 2177 1388 2229 sequestrati
1421 2177 1500 2230 qui

235 2248 342 2297 post
355 2244 692 2285 concessionem
709 2242 844 2284 dictae
859 2241 1011 2284 Cartae
1025 2242 1260 2284 libertates
1276 2247 1322 2284 et
1332 2242 1500 2284 liberas

238 2309 593 2351 consuetudines
627 2309 674 2350 in
711 2308 813 2362 ipsa
854 2314 900 2350 et
939 2308 986 2348 in
1024 2307 1167 2350 Carta
1208 2308 1265 2349 de
1306 2308 1502 2350 Foresta

236 2381 475 2418 contentas
532 2380 578 2416 et
647 2387 888 2416 concessas
950 2374 1155 2416 ecclesiae
1209 2373 1500 2428 Anglicanae,

235 2454 510 2496 quacunque
556 2446 656 2482 arte
699 2441 773 2482 vel
807 2439 989 2494 ingenio
1030 2440 1302 2482 violaverint
1344 2446 1391 2482 et
1428 2441 1500 2481 in-

236 2508 475 2561 fregerint,
497 2507 803 2556 diminuerint,
827 2519 910 2548 seu
934 2505 1258 2556 imminuerint,
1283 2506 1403 2548 clam
1427 2506 1502 2548 vel

235 2574 406 2628 palam,
449 2574 587 2623 facto,
629 2573 784 2621 verbo,
827 2572 900 2613 vel
936 2571 1144 2622 consilio,
1189 2578 1352 2614 contra
1395 2572 1501 2614 ilias

237 2640 311 2682 vel
333 2640 516 2682 illarum
537 2639 737 2693 aliquam
760 2638 806 2679 in
825 2651 1098 2692 quocunque
1118 2638 1312 2680 articulo
1332 2643 1504 2680 temere

586 2788 596 2810 ¹
621 2789 783 2830 Supplied
800 2789 884 2820 from
902 2788 1145 2828 Walsingham.
