<?xml version="1.0" encoding="UTF-8"?>
<!DOCTYPE html PUBLIC "-//W3C//DTD XHTML 1.0 Transitional//EN"
    "http://www.w3.org/TR/xhtml1/DTD/xhtml1-transitional.dtd">
<html xmlns="http://www.w3.org/1999/xhtml" xml:lang="en" lang="en">
 <head>
  <title>
</title>
<meta http-equiv="Content-Type" content="text/html;charset=utf-8" />
  <meta name='ocr-system' content='tesseract 3.04.00' />
  <meta name='ocr-capabilities' content='ocr_page ocr_carea ocr_par ocr_line ocrx_word'/>
</head>
<body>
  <div class='ocr_page' id='page_1' title='image "./chronicondominiw02hemiuoft/chronicondominiw02hemiuoft_0401.png"; bbox 0 0 2038 3306; ppageno 0'>
   <div class='ocr_carea' id='block_1_1' title="bbox 471 301 1470 344">
    <p class='ocr_par' dir='ltr' id='par_1_1' title="bbox 471 301 1470 344">
     <span class='ocr_line' id='line_1_1' title="bbox 471 301 1470 344; baseline 0.002 -2"><span class='ocrx_word' id='word_1_1' title='bbox 471 310 697 342; x_wconf 76' lang='lat' dir='ltr'><strong>WAL&#39;I&#39;ERI</strong></span> <span class='ocrx_word' id='word_1_2' title='bbox 729 311 791 341; x_wconf 76' lang='lat' dir='ltr'><strong>DE</strong></span> <span class='ocrx_word' id='word_1_3' title='bbox 824 311 1197 343; x_wconf 71' lang='lat' dir='ltr'><strong>HRMINGBURGH.</strong></span> <span class='ocrx_word' id='word_1_4' title='bbox 1371 301 1470 344; x_wconf 78' lang='grc'><strong>387</strong></span> 
     </span>
    </p>
   </div>
   <div class='ocr_carea' id='block_1_2' title="bbox 179 412 1460 2717">
    <p class='ocr_par' dir='ltr' id='par_1_2' title="bbox 179 412 1460 2717">
     <span class='ocr_line' id='line_1_2' title="bbox 202 412 1460 470; baseline 0.005 -18"><span class='ocrx_word' id='word_1_5' title='bbox 202 412 428 454; x_wconf 84' lang='lat' dir='ltr'><strong>veraciter</strong></span> <span class='ocrx_word' id='word_1_6' title='bbox 449 415 745 465; x_wconf 75' lang='lat' dir='ltr'><strong>ascribendae,</strong></span> <span class='ocrx_word' id='word_1_7' title='bbox 768 416 979 470; x_wconf 88' lang='lat' dir='ltr'><strong>nequiter</strong></span> <span class='ocrx_word' id='word_1_8' title='bbox 998 416 1186 458; x_wconf 83' lang='lat' dir='ltr'><strong>simulat</strong></span> <span class='ocrx_word' id='word_1_9' title='bbox 1205 429 1255 457; x_wconf 87' lang='lat' dir='ltr'><strong>se</strong></span> <span class='ocrx_word' id='word_1_10' title='bbox 1278 415 1460 469; x_wconf 82' lang='lat' dir='ltr'><strong>habere,</strong></span> 
     </span>
     <span class='ocr_line' id='line_1_3' title="bbox 198 479 1459 533; baseline 0.005 -15"><span class='ocrx_word' id='word_1_11' title='bbox 198 483 247 519; x_wconf 87' lang='lat' dir='ltr'><strong>et</strong></span> <span class='ocrx_word' id='word_1_12' title='bbox 282 479 502 532; x_wconf 87' lang='lat' dir='ltr'><strong>quasdam</strong></span> <span class='ocrx_word' id='word_1_13' title='bbox 543 483 1065 524; x_wconf 79' lang='lat' dir='ltr'>excommunicationum</span> <span class='ocrx_word' id='word_1_14' title='bbox 1105 482 1374 533; x_wconf 79' lang='lat' dir='ltr'><strong>sententias,</strong></span> <span class='ocrx_word' id='word_1_15' title='bbox 1413 483 1459 524; x_wconf 90' lang='lat' dir='ltr'><strong>in</strong></span> 
     </span>
     <span class='ocr_line' id='line_1_4' title="bbox 198 545 1459 602; baseline 0.005 -18"><span class='ocrx_word' id='word_1_16' title='bbox 198 545 521 588; x_wconf 75' lang='lat' dir='ltr'><strong>ecclesiasticae</strong></span> <span class='ocrx_word' id='word_1_17' title='bbox 559 548 785 591; x_wconf 82' lang='lat' dir='ltr'><strong>libertatis</strong></span> <span class='ocrx_word' id='word_1_18' title='bbox 823 555 882 590; x_wconf 68' lang='lat' dir='ltr'><strong>et‘</strong></span> <span class='ocrx_word' id='word_1_19' title='bbox 907 549 1096 602; x_wconf 81' lang='lat' dir='ltr'><strong>Magnae</strong></span> <span class='ocrx_word' id='word_1_20' title='bbox 1127 548 1281 590; x_wconf 87' lang='lat' dir='ltr'><strong>Cartae</strong></span> <span class='ocrx_word' id='word_1_21' title='bbox 1314 549 1459 590; x_wconf 87' lang='lat' dir='ltr'><strong>viola-</strong></span> 
     </span>
     <span class='ocr_line' id='line_1_5' title="bbox 200 612 1459 668; baseline 0.005 -18"><span class='ocrx_word' id='word_1_22' title='bbox 200 615 324 652; x_wconf 86' lang='lat' dir='ltr'><strong>tores</strong></span> <span class='ocrx_word' id='word_1_23' title='bbox 356 612 403 653; x_wconf 90' lang='lat' dir='ltr'><strong>in</strong></span> <span class='ocrx_word' id='word_1_24' title='bbox 437 626 619 667; x_wconf 84' lang='lat' dir='ltr'><strong>genere,</strong></span> <span class='ocrx_word' id='word_1_25' title='bbox 650 614 824 656; x_wconf 92' lang='lat' dir='ltr'><strong>dudum</strong></span> <span class='ocrx_word' id='word_1_26' title='bbox 862 615 999 665; x_wconf 82' lang='lat' dir='ltr'><strong>latas,</strong></span> <span class='ocrx_word' id='word_1_27' title='bbox 1021 615 1079 656; x_wconf 91' lang='lat' dir='ltr'><strong>ad</strong></span> <span class='ocrx_word' id='word_1_28' title='bbox 1117 614 1459 668; x_wconf 84' lang='lat' dir='ltr'><strong>suggillandam</strong></span> 
     </span>
     <span class='ocr_line' id='line_1_6' title="bbox 199 677 1459 735; baseline 0.005 -18"><span class='ocrx_word' id='word_1_29' title='bbox 199 677 457 729; x_wconf 87' lang='lat' dir='ltr'><strong>opinionem</strong></span> <span class='ocrx_word' id='word_1_30' title='bbox 490 681 680 733; x_wconf 89' lang='lat' dir='ltr'><strong>regiam,</strong></span> <span class='ocrx_word' id='word_1_31' title='bbox 710 686 756 723; x_wconf 92' lang='lat' dir='ltr'><strong>et</strong></span> <span class='ocrx_word' id='word_1_32' title='bbox 788 681 1005 735; x_wconf 74' lang='lat' dir='ltr'><strong>praefatos</strong></span> <span class='ocrx_word' id='word_1_33' title='bbox 1038 681 1272 722; x_wconf 89' lang='lat' dir='ltr'><strong>ministros</strong></span> <span class='ocrx_word' id='word_1_34' title='bbox 1309 681 1459 734; x_wconf 86' lang='lat' dir='ltr'><strong>regios</strong></span> 
     </span>
     <span class='ocr_line' id='line_1_7' title="bbox 197 741 1459 801; baseline 0.004 -18"><span class='ocrx_word' id='word_1_35' title='bbox 197 741 517 796; x_wconf 83' lang='lat' dir='ltr'><strong>diffamandos,</strong></span> <span class='ocrx_word' id='word_1_36' title='bbox 539 760 594 788; x_wconf 89' lang='lat' dir='ltr'><strong>ac</strong></span> <span class='ocrx_word' id='word_1_37' title='bbox 623 747 870 789; x_wconf 82' lang='lat' dir='ltr'><strong>seditiones</strong></span> <span class='ocrx_word' id='word_1_38' title='bbox 899 748 947 788; x_wconf 89' lang='lat' dir='ltr'><strong>in</strong></span> <span class='ocrx_word' id='word_1_39' title='bbox 977 747 1147 801; x_wconf 91' lang='lat' dir='ltr'><strong>populo</strong></span> <span class='ocrx_word' id='word_1_40' title='bbox 1181 748 1310 788; x_wconf 91' lang='lat' dir='ltr'><strong>nobis</strong></span> <span class='ocrx_word' id='word_1_41' title='bbox 1339 761 1459 789; x_wconf 59' lang='lat' dir='ltr'><strong>com&gt;-</strong></span> 
     </span>
     <span class='ocr_line' id='line_1_8' title="bbox 197 810 1457 865; baseline 0.004 -15"><span class='ocrx_word' id='word_1_42' title='bbox 197 810 338 852; x_wconf 88' lang='lat' dir='ltr'><strong>misso</strong></span> <span class='ocrx_word' id='word_1_43' title='bbox 400 813 650 865; x_wconf 85' lang='lat' dir='ltr'><strong>proditorie</strong></span> <span class='ocrx_word' id='word_1_44' title='bbox 699 813 1006 862; x_wconf 87' lang='lat' dir='ltr'><strong>suscitandas,</strong></span> <span class='ocrx_word' id='word_1_45' title='bbox 1058 818 1104 855; x_wconf 90' lang='lat' dir='ltr'><strong>et</strong></span> <span class='ocrx_word' id='word_1_46' title='bbox 1167 813 1457 855; x_wconf 89' lang='lat' dir='ltr'><strong>devotionem</strong></span> 
     </span>
     <span class='ocr_line' id='line_1_9' title="bbox 197 877 1456 932; baseline 0.003 -16"><span class='ocrx_word' id='word_1_47' title='bbox 197 877 431 928; x_wconf 90' lang='lat' dir='ltr'><strong>comitum,</strong></span> <span class='ocrx_word' id='word_1_48' title='bbox 453 891 708 932; x_wconf 88' lang='lat' dir='ltr'><strong>procerum,</strong></span> <span class='ocrx_word' id='word_1_49' title='bbox 741 885 788 920; x_wconf 90' lang='lat' dir='ltr'><strong>et</strong></span> <span class='ocrx_word' id='word_1_50' title='bbox 823 885 1092 932; x_wconf 86' lang='lat' dir='ltr'><strong>magnatum</strong></span> <span class='ocrx_word' id='word_1_51' title='bbox 1132 879 1263 932; x_wconf 87' lang='lat' dir='ltr'><strong>regni</strong></span> <span class='ocrx_word' id='word_1_52' title='bbox 1297 880 1456 929; x_wconf 82' lang='lat' dir='ltr'><strong>nostri,</strong></span> 
     </span>
     <span class='ocr_line' id='line_1_10' title="bbox 194 942 1455 999; baseline 0.003 -17"><span class='ocrx_word' id='word_1_53' title='bbox 194 942 429 995; x_wconf 76' lang='lat' dir='ltr'><strong>maJestati</strong></span> <span class='ocrx_word' id='word_1_54' title='bbox 466 945 600 997; x_wconf 84' lang='lat' dir='ltr'><strong>regiae</strong></span> <span class='ocrx_word' id='word_1_55' title='bbox 625 944 1002 995; x_wconf 86' lang='lat' dir='ltr'><strong>subtrahendam,</strong></span> <span class='ocrx_word' id='word_1_56' title='bbox 1030 945 1305 999; x_wconf 88' lang='lat' dir='ltr'><strong>specificatis</strong></span> <span class='ocrx_word' id='word_1_57' title='bbox 1342 958 1455 986; x_wconf 91' lang='lat' dir='ltr'><strong>non-</strong></span> 
     </span>
     <span class='ocr_line' id='line_1_11' title="bbox 194 1007 1453 1064; baseline 0.004 -17"><span class='ocrx_word' id='word_1_58' title='bbox 194 1007 332 1050; x_wconf 89' lang='lat' dir='ltr'><strong>nullis</strong></span> <span class='ocrx_word' id='word_1_59' title='bbox 355 1010 578 1060; x_wconf 81' lang='lat' dir='ltr'><strong>articulis,</strong></span> <span class='ocrx_word' id='word_1_60' title='bbox 598 1016 768 1064; x_wconf 86' lang='lat' dir='ltr'><strong>praeter</strong></span> <span class='ocrx_word' id='word_1_61' title='bbox 797 1015 844 1052; x_wconf 88' lang='lat' dir='ltr'><strong>et</strong></span> <span class='ocrx_word' id='word_1_62' title='bbox 874 1017 1036 1053; x_wconf 86' lang='lat' dir='ltr'><strong>contra</strong></span> <span class='ocrx_word' id='word_1_63' title='bbox 1064 1011 1248 1053; x_wconf 89' lang='lat' dir='ltr'><strong>solitum</strong></span> <span class='ocrx_word' id='word_1_64' title='bbox 1270 1012 1453 1052; x_wconf 88' lang='lat' dir='ltr'><strong>modum</strong></span> 
     </span>
     <span class='ocr_line' id='line_1_12' title="bbox 194 1073 1455 1131; baseline 0.003 -17"><span class='ocrx_word' id='word_1_65' title='bbox 194 1073 243 1114; x_wconf 89' lang='lat' dir='ltr'><strong>in</strong></span> <span class='ocrx_word' id='word_1_66' title='bbox 281 1076 474 1118; x_wconf 88' lang='lat' dir='ltr'><strong>concilio</strong></span> <span class='ocrx_word' id='word_1_67' title='bbox 512 1077 783 1130; x_wconf 89' lang='lat' dir='ltr'><strong>provinciali</strong></span> <span class='ocrx_word' id='word_1_68' title='bbox 823 1078 1058 1125; x_wconf 90' lang='lat' dir='ltr'><strong>traditum,</strong></span> <span class='ocrx_word' id='word_1_69' title='bbox 1098 1077 1333 1119; x_wconf 88' lang='lat' dir='ltr'><strong>mandavit</strong></span> <span class='ocrx_word' id='word_1_70' title='bbox 1372 1091 1455 1131; x_wconf 88' lang='lat' dir='ltr'><strong>per</strong></span> 
     </span>
     <span class='ocr_line' id='line_1_13' title="bbox 193 1141 1452 1197; baseline 0.004 -17"><span class='ocrx_word' id='word_1_71' title='bbox 193 1152 303 1182; x_wconf 83' lang='lat' dir='ltr'><strong>suas</strong></span> <span class='ocrx_word' id='word_1_72' title='bbox 332 1141 491 1184; x_wconf 85' lang='lat' dir='ltr'><strong>literas</strong></span> <span class='ocrx_word' id='word_1_73' title='bbox 521 1143 570 1184; x_wconf 92' lang='lat' dir='ltr'><strong>in</strong></span> <span class='ocrx_word' id='word_1_74' title='bbox 617 1143 825 1197; x_wconf 90' lang='lat' dir='ltr'><strong>pluribus</strong></span> <span class='ocrx_word' id='word_1_75' title='bbox 859 1144 973 1185; x_wconf 90' lang='lat' dir='ltr'><strong>locis</strong></span> <span class='ocrx_word' id='word_1_76' title='bbox 1015 1144 1271 1197; x_wconf 81' lang='lat' dir='ltr'><strong>insignibus</strong></span> <span class='ocrx_word' id='word_1_77' title='bbox 1301 1145 1452 1197; x_wconf 87' lang='lat' dir='ltr'><strong>publi-</strong></span> 
     </span>
     <span class='ocr_line' id='line_1_14' title="bbox 190 1207 1451 1260; baseline 0.004 -14"><span class='ocrx_word' id='word_1_78' title='bbox 190 1207 303 1248; x_wconf 88' lang='lat' dir='ltr'><strong>cari.</strong></span> <span class='ocrx_word' id='word_1_79' title='bbox 389 1208 699 1260; x_wconf 86' lang='lat' dir='ltr'><strong>Quamobrem</strong></span> <span class='ocrx_word' id='word_1_80' title='bbox 740 1223 824 1252; x_wconf 92' lang='lat' dir='ltr'><strong>nos</strong></span> <span class='ocrx_word' id='word_1_81' title='bbox 868 1210 1089 1260; x_wconf 78' lang='lat' dir='ltr'><strong>volentes,</strong></span> <span class='ocrx_word' id='word_1_82' title='bbox 1131 1215 1184 1252; x_wconf 91' lang='lat' dir='ltr'><strong>ut</strong></span> <span class='ocrx_word' id='word_1_83' title='bbox 1227 1215 1451 1259; x_wconf 89' lang='lat' dir='ltr'><strong>tenemur,</strong></span> 
     </span>
     <span class='ocr_line' id='line_1_15' title="bbox 193 1271 1451 1330; baseline 0.005 -18"><span class='ocrx_word' id='word_1_84' title='bbox 193 1271 447 1327; x_wconf 83' lang='lat' dir='ltr'><strong>integritati</strong></span> <span class='ocrx_word' id='word_1_85' title='bbox 487 1276 624 1317; x_wconf 69' lang='lat' dir='ltr'><strong>famae</strong></span> <span class='ocrx_word' id='word_1_86' title='bbox 666 1282 836 1318; x_wconf 85' lang='lat' dir='ltr'><strong>nostrae</strong></span> <span class='ocrx_word' id='word_1_87' title='bbox 874 1277 1151 1330; x_wconf 83' lang='lat' dir='ltr'><strong>prospicere,</strong></span> <span class='ocrx_word' id='word_1_88' title='bbox 1186 1281 1232 1318; x_wconf 89' lang='lat' dir='ltr'><strong>et</strong></span> <span class='ocrx_word' id='word_1_89' title='bbox 1272 1276 1451 1330; x_wconf 74' lang='lat' dir='ltr'><strong>praefati</strong></span> 
     </span>
     <span class='ocr_line' id='line_1_16' title="bbox 191 1339 1450 1396; baseline 0.005 -18"><span class='ocrx_word' id='word_1_90' title='bbox 191 1339 523 1395; x_wconf 88' lang='lat' dir='ltr'><strong>archiepiscopi</strong></span> <span class='ocrx_word' id='word_1_91' title='bbox 552 1342 741 1384; x_wconf 84' lang='lat' dir='ltr'><strong>malitiae</strong></span> <span class='ocrx_word' id='word_1_92' title='bbox 778 1344 982 1392; x_wconf 83' lang='lat' dir='ltr'><strong>obviare,</strong></span> <span class='ocrx_word' id='word_1_93' title='bbox 1012 1347 1290 1396; x_wconf 89' lang='lat' dir='ltr'><strong>paratosque</strong></span> <span class='ocrx_word' id='word_1_94' title='bbox 1322 1343 1450 1384; x_wconf 88' lang='lat' dir='ltr'><strong>nobis</strong></span> 
     </span>
     <span class='ocr_line' id='line_1_17' title="bbox 191 1408 1449 1463; baseline 0.002 -17"><span class='ocrx_word' id='word_1_95' title='bbox 191 1409 239 1446; x_wconf 88' lang='lat' dir='ltr'><strong>et</strong></span> <span class='ocrx_word' id='word_1_96' title='bbox 283 1408 452 1448; x_wconf 86' lang='lat' dir='ltr'><strong>nostris</strong></span> <span class='ocrx_word' id='word_1_97' title='bbox 493 1409 552 1449; x_wconf 88' lang='lat' dir='ltr'><strong>ab</strong></span> <span class='ocrx_word' id='word_1_98' title='bbox 595 1409 696 1462; x_wconf 89' lang='lat' dir='ltr'><strong>ipso</strong></span> <span class='ocrx_word' id='word_1_99' title='bbox 744 1409 935 1463; x_wconf 90' lang='lat' dir='ltr'><strong>laqueos</strong></span> <span class='ocrx_word' id='word_1_100' title='bbox 979 1409 1160 1450; x_wconf 88' lang='lat' dir='ltr'><strong>cautius</strong></span> <span class='ocrx_word' id='word_1_101' title='bbox 1203 1408 1449 1459; x_wconf 85' lang='lat' dir='ltr'><strong>declinare,</strong></span> 
     </span>
     <span class='ocr_line' id='line_1_18' title="bbox 189 1473 1451 1528; baseline 0.004 -16"><span class='ocrx_word' id='word_1_102' title='bbox 189 1473 489 1524; x_wconf 86' lang='lat' dir='ltr'><strong>providimus,</strong></span> <span class='ocrx_word' id='word_1_103' title='bbox 532 1481 701 1528; x_wconf 86' lang='lat' dir='ltr'><strong>praeter</strong></span> <span class='ocrx_word' id='word_1_104' title='bbox 742 1488 798 1517; x_wconf 90' lang='lat' dir='ltr'><strong>ea</strong></span> <span class='ocrx_word' id='word_1_105' title='bbox 838 1487 943 1528; x_wconf 86' lang='lat' dir='ltr'><strong>quae</strong></span> <span class='ocrx_word' id='word_1_106' title='bbox 985 1475 1194 1528; x_wconf 89' lang='lat' dir='ltr'><strong>superius</strong></span> <span class='ocrx_word' id='word_1_107' title='bbox 1231 1487 1451 1528; x_wconf 85' lang='lat' dir='ltr'><strong>expressa</strong></span> 
     </span>
     <span class='ocr_line' id='line_1_19' title="bbox 187 1541 1451 1595; baseline 0.003 -17"><span class='ocrx_word' id='word_1_108' title='bbox 187 1543 313 1588; x_wconf 90' lang='lat' dir='ltr'><strong>sunt,</strong></span> <span class='ocrx_word' id='word_1_109' title='bbox 369 1544 421 1580; x_wconf 91' lang='lat' dir='ltr'><strong>ut</strong></span> <span class='ocrx_word' id='word_1_110' title='bbox 468 1541 526 1582; x_wconf 89' lang='lat' dir='ltr'><strong>ad</strong></span> <span class='ocrx_word' id='word_1_111' title='bbox 578 1554 780 1594; x_wconf 87' lang='lat' dir='ltr'><strong>praesens</strong></span> <span class='ocrx_word' id='word_1_112' title='bbox 828 1541 885 1582; x_wconf 90' lang='lat' dir='ltr'><strong>de</strong></span> <span class='ocrx_word' id='word_1_113' title='bbox 932 1541 1088 1582; x_wconf 87' lang='lat' dir='ltr'><strong>multis</strong></span> <span class='ocrx_word' id='word_1_114' title='bbox 1131 1541 1231 1595; x_wconf 82' lang='lat' dir='ltr'><strong>ejus</strong></span> <span class='ocrx_word' id='word_1_115' title='bbox 1271 1542 1451 1582; x_wconf 89' lang='lat' dir='ltr'><strong>actibus</strong></span> 
     </span>
     <span class='ocr_line' id='line_1_20' title="bbox 187 1606 1447 1661; baseline 0.004 -17"><span class='ocrx_word' id='word_1_116' title='bbox 187 1607 440 1655; x_wconf 87' lang='lat' dir='ltr'><strong>taceamus,</strong></span> <span class='ocrx_word' id='word_1_117' title='bbox 454 1606 611 1660; x_wconf 88' lang='lat' dir='ltr'><strong>aliqua</strong></span> <span class='ocrx_word' id='word_1_118' title='bbox 627 1607 852 1648; x_wconf 89' lang='lat' dir='ltr'><strong>deducere</strong></span> <span class='ocrx_word' id='word_1_119' title='bbox 874 1607 922 1648; x_wconf 89' lang='lat' dir='ltr'><strong>in</strong></span> <span class='ocrx_word' id='word_1_120' title='bbox 936 1607 1167 1661; x_wconf 88' lang='lat' dir='ltr'><strong>publicam</strong></span> <span class='ocrx_word' id='word_1_121' title='bbox 1190 1606 1447 1649; x_wconf 90' lang='lat' dir='ltr'><strong>notionem:</strong></span> 
     </span>
     <span class='ocr_line' id='line_1_21' title="bbox 190 1671 1451 1726; baseline 0.003 -16"><span class='ocrx_word' id='word_1_122' title='bbox 190 1683 369 1725; x_wconf 89' lang='lat' dir='ltr'><strong>nempe,</strong></span> <span class='ocrx_word' id='word_1_123' title='bbox 403 1671 505 1726; x_wconf 87' lang='lat' dir='ltr'><strong>ejus</strong></span> <span class='ocrx_word' id='word_1_124' title='bbox 546 1673 803 1726; x_wconf 83' lang='lat' dir='ltr'><strong>improvido</strong></span> <span class='ocrx_word' id='word_1_125' title='bbox 840 1673 1032 1715; x_wconf 88' lang='lat' dir='ltr'><strong>consilio</strong></span> <span class='ocrx_word' id='word_1_126' title='bbox 1070 1678 1118 1714; x_wconf 88' lang='lat' dir='ltr'><strong>et</strong></span> <span class='ocrx_word' id='word_1_127' title='bbox 1152 1685 1374 1714; x_wconf 88' lang='lat' dir='ltr'><strong>succursu</strong></span> <span class='ocrx_word' id='word_1_128' title='bbox 1405 1673 1451 1714; x_wconf 89' lang='lat' dir='ltr'><strong>in</strong></span> 
     </span>
     <span class='ocr_line' id='line_1_22' title="bbox 186 1737 1448 1792; baseline 0.002 -15"><span class='ocrx_word' id='word_1_129' title='bbox 186 1737 351 1779; x_wconf 89' lang='lat' dir='ltr'><strong>minori</strong></span> <span class='ocrx_word' id='word_1_130' title='bbox 372 1743 511 1780; x_wconf 87' lang='lat' dir='ltr'><strong>aetate</strong></span> <span class='ocrx_word' id='word_1_131' title='bbox 540 1740 796 1789; x_wconf 90' lang='lat' dir='ltr'><strong>constituti,</strong></span> <span class='ocrx_word' id='word_1_132' title='bbox 819 1743 891 1781; x_wconf 88' lang='lat' dir='ltr'><strong>tot</strong></span> <span class='ocrx_word' id='word_1_133' title='bbox 919 1739 1195 1781; x_wconf 85' lang='lat' dir='ltr'><strong>donationes</strong></span> <span class='ocrx_word' id='word_1_134' title='bbox 1216 1738 1448 1792; x_wconf 83' lang='lat' dir='ltr'><strong>prodigas,</strong></span> 
     </span>
     <span class='ocr_line' id='line_1_23' title="bbox 187 1804 1448 1859; baseline 0.004 -16"><span class='ocrx_word' id='word_1_135' title='bbox 187 1814 242 1844; x_wconf 89' lang='lat' dir='ltr'><strong>ac</strong></span> <span class='ocrx_word' id='word_1_136' title='bbox 285 1804 589 1846; x_wconf 88' lang='lat' dir='ltr'><strong>alienationes</strong></span> <span class='ocrx_word' id='word_1_137' title='bbox 630 1806 901 1859; x_wconf 88' lang='lat' dir='ltr'><strong>prohibitas,</strong></span> <span class='ocrx_word' id='word_1_138' title='bbox 942 1818 997 1847; x_wconf 88' lang='lat' dir='ltr'><strong>ac</strong></span> <span class='ocrx_word' id='word_1_139' title='bbox 1037 1805 1213 1858; x_wconf 82' lang='lat' dir='ltr'><strong>gratias</strong></span> <span class='ocrx_word' id='word_1_140' title='bbox 1259 1805 1448 1849; x_wconf 86' lang='lat' dir='ltr'><strong>fecimus</strong></span> 
     </span>
     <span class='ocr_line' id='line_1_24' title="bbox 186 1871 1447 1925; baseline 0.002 -16"><span class='ocrx_word' id='word_1_141' title='bbox 186 1871 467 1920; x_wconf 81' lang='lat' dir='ltr'><strong>excessivas,</strong></span> <span class='ocrx_word' id='word_1_142' title='bbox 521 1871 643 1925; x_wconf 92' lang='lat' dir='ltr'><strong>quod</strong></span> <span class='ocrx_word' id='word_1_143' title='bbox 699 1884 782 1925; x_wconf 88' lang='lat' dir='ltr'><strong>per</strong></span> <span class='ocrx_word' id='word_1_144' title='bbox 843 1884 922 1913; x_wconf 86' lang='lat' dir='ltr'><strong>eas</strong></span> <span class='ocrx_word' id='word_1_145' title='bbox 969 1872 1182 1912; x_wconf 80' lang='lat' dir='ltr'><strong>aerarium</strong></span> <span class='ocrx_word' id='word_1_146' title='bbox 1240 1875 1447 1912; x_wconf 87' lang='lat' dir='ltr'><strong>nostrum</strong></span> 
     </span>
     <span class='ocr_line' id='line_1_25' title="bbox 187 1935 1447 1987; baseline 0.001 -11"><span class='ocrx_word' id='word_1_147' title='bbox 187 1935 394 1977; x_wconf 83' lang='lat' dir='ltr'><strong>totaliter</strong></span> <span class='ocrx_word' id='word_1_148' title='bbox 414 1941 486 1978; x_wconf 89' lang='lat' dir='ltr'><strong>est</strong></span> <span class='ocrx_word' id='word_1_149' title='bbox 506 1937 802 1987; x_wconf 86' lang='lat' dir='ltr'><strong>exhaustum,</strong></span> <span class='ocrx_word' id='word_1_150' title='bbox 823 1941 870 1978; x_wconf 89' lang='lat' dir='ltr'><strong>et</strong></span> <span class='ocrx_word' id='word_1_151' title='bbox 894 1937 1074 1978; x_wconf 88' lang='lat' dir='ltr'><strong>fiscales</strong></span> <span class='ocrx_word' id='word_1_152' title='bbox 1105 1937 1310 1978; x_wconf 89' lang='lat' dir='ltr'><strong>redditus</strong></span> <span class='ocrx_word' id='word_1_153' title='bbox 1339 1942 1447 1978; x_wconf 89' lang='lat' dir='ltr'><strong>sunt</strong></span> 
     </span>
     <span class='ocr_line' id='line_1_26' title="bbox 186 2002 1446 2058; baseline 0.002 -17"><span class='ocrx_word' id='word_1_154' title='bbox 186 2002 432 2043; x_wconf 88' lang='lat' dir='ltr'><strong>enormiter</strong></span> <span class='ocrx_word' id='word_1_155' title='bbox 474 2002 712 2053; x_wconf 89' lang='lat' dir='ltr'><strong>diminuti;</strong></span> <span class='ocrx_word' id='word_1_156' title='bbox 758 2004 950 2058; x_wconf 88' lang='lat' dir='ltr'><strong>ipsaque</strong></span> <span class='ocrx_word' id='word_1_157' title='bbox 995 2016 1235 2044; x_wconf 89' lang='lat' dir='ltr'><strong>munerum</strong></span> <span class='ocrx_word' id='word_1_158' title='bbox 1283 2015 1446 2056; x_wconf 88' lang='lat' dir='ltr'><strong>accep-</strong></span> 
     </span>
     <span class='ocr_line' id='line_1_27' title="bbox 185 2068 1446 2122; baseline 0.002 -15"><span class='ocrx_word' id='word_1_159' title='bbox 185 2068 310 2108; x_wconf 90' lang='lat' dir='ltr'><strong>tione</strong></span> <span class='ocrx_word' id='word_1_160' title='bbox 353 2074 634 2122; x_wconf 89' lang='lat' dir='ltr'><strong>corruptum,</strong></span> <span class='ocrx_word' id='word_1_161' title='bbox 679 2082 871 2122; x_wconf 82' lang='lat' dir='ltr'><strong>magnas</strong></span> <span class='ocrx_word' id='word_1_162' title='bbox 908 2069 1204 2122; x_wconf 90' lang='lat' dir='ltr'><strong>pecuniarum</strong></span> <span class='ocrx_word' id='word_1_163' title='bbox 1245 2081 1446 2110; x_wconf 89' lang='lat' dir='ltr'><strong>summas</strong></span> 
     </span>
     <span class='ocr_line' id='line_1_28' title="bbox 186 2133 1444 2189; baseline 0.002 -15"><span class='ocrx_word' id='word_1_164' title='bbox 186 2133 316 2174; x_wconf 91' lang='lat' dir='ltr'><strong>nobis</strong></span> <span class='ocrx_word' id='word_1_165' title='bbox 348 2134 525 2176; x_wconf 87' lang='lat' dir='ltr'><strong>debitas</strong></span> <span class='ocrx_word' id='word_1_166' title='bbox 557 2135 832 2189; x_wconf 88' lang='lat' dir='ltr'><strong>quibusdam</strong></span> <span class='ocrx_word' id='word_1_167' title='bbox 865 2136 962 2176; x_wconf 88' lang='lat' dir='ltr'><strong>sine</strong></span> <span class='ocrx_word' id='word_1_168' title='bbox 993 2134 1257 2176; x_wconf 91' lang='lat' dir='ltr'><strong>rationabili</strong></span> <span class='ocrx_word' id='word_1_169' title='bbox 1287 2147 1444 2184; x_wconf 90' lang='lat' dir='ltr'><strong>causa,</strong></span> 
     </span>
     <span class='ocr_line' id='line_1_29' title="bbox 184 2200 1443 2254; baseline 0.002 -14"><span class='ocrx_word' id='word_1_170' title='bbox 184 2212 288 2240; x_wconf 91' lang='lat' dir='ltr'><strong>cum</strong></span> <span class='ocrx_word' id='word_1_171' title='bbox 319 2200 365 2240; x_wconf 91' lang='lat' dir='ltr'><strong>id</strong></span> <span class='ocrx_word' id='word_1_172' title='bbox 397 2201 525 2242; x_wconf 89' lang='lat' dir='ltr'><strong>nulla</strong></span> <span class='ocrx_word' id='word_1_173' title='bbox 557 2202 806 2243; x_wconf 87' lang='lat' dir='ltr'><strong>necessitas</strong></span> <span class='ocrx_word' id='word_1_174' title='bbox 831 2201 901 2242; x_wconf 89' lang='lat' dir='ltr'><strong>vel</strong></span> <span class='ocrx_word' id='word_1_175' title='bbox 938 2201 1115 2242; x_wconf 87' lang='lat' dir='ltr'><strong>utilitas</strong></span> <span class='ocrx_word' id='word_1_176' title='bbox 1147 2202 1443 2254; x_wconf 87' lang='lat' dir='ltr'><strong>exposcebat,</strong></span> 
     </span>
     <span class='ocr_line' id='line_1_30' title="bbox 183 2266 1444 2321; baseline 0.002 -15"><span class='ocrx_word' id='word_1_177' title='bbox 183 2266 489 2319; x_wconf 87' lang='lat' dir='ltr'><strong>comperimus</strong></span> <span class='ocrx_word' id='word_1_178' title='bbox 541 2267 786 2316; x_wconf 83' lang='lat' dir='ltr'><strong>remisisse,</strong></span> <span class='ocrx_word' id='word_1_179' title='bbox 830 2273 877 2308; x_wconf 90' lang='lat' dir='ltr'><strong>et</strong></span> <span class='ocrx_word' id='word_1_180' title='bbox 921 2267 1141 2321; x_wconf 88' lang='lat' dir='ltr'><strong>plurimos</strong></span> <span class='ocrx_word' id='word_1_181' title='bbox 1195 2272 1444 2320; x_wconf 88' lang='lat' dir='ltr'><strong>proventus</strong></span> 
     </span>
     <span class='ocr_line' id='line_1_31' title="bbox 183 2332 1444 2387; baseline 0.002 -15"><span class='ocrx_word' id='word_1_182' title='bbox 183 2337 230 2373; x_wconf 89' lang='lat' dir='ltr'><strong>et</strong></span> <span class='ocrx_word' id='word_1_183' title='bbox 254 2332 475 2383; x_wconf 89' lang='lat' dir='ltr'><strong>redditus,</strong></span> <span class='ocrx_word' id='word_1_184' title='bbox 498 2333 578 2386; x_wconf 90' lang='lat' dir='ltr'><strong>qui</strong></span> <span class='ocrx_word' id='word_1_185' title='bbox 596 2346 681 2387; x_wconf 92' lang='lat' dir='ltr'><strong>pro</strong></span> <span class='ocrx_word' id='word_1_186' title='bbox 701 2333 871 2375; x_wconf 89' lang='lat' dir='ltr'><strong>nostris</strong></span> <span class='ocrx_word' id='word_1_187' title='bbox 902 2332 1178 2374; x_wconf 83' lang='lat' dir='ltr'><strong>utilitatibus</strong></span> <span class='ocrx_word' id='word_1_188' title='bbox 1211 2337 1257 2374; x_wconf 92' lang='lat' dir='ltr'><strong>et</strong></span> <span class='ocrx_word' id='word_1_189' title='bbox 1287 2345 1444 2374; x_wconf 88' lang='lat' dir='ltr'><strong>neces-</strong></span> 
     </span>
     <span class='ocr_line' id='line_1_32' title="bbox 181 2398 1443 2453; baseline 0.002 -15"><span class='ocrx_word' id='word_1_190' title='bbox 181 2398 396 2439; x_wconf 89' lang='lat' dir='ltr'><strong>sitatibus</strong></span> <span class='ocrx_word' id='word_1_191' title='bbox 434 2400 698 2440; x_wconf 81' lang='lat' dir='ltr'><strong>conservari</strong></span> <span class='ocrx_word' id='word_1_192' title='bbox 733 2399 1004 2449; x_wconf 87' lang='lat' dir='ltr'><strong>debuerant,</strong></span> <span class='ocrx_word' id='word_1_193' title='bbox 1029 2399 1125 2440; x_wconf 88' lang='lat' dir='ltr'><strong>suis</strong></span> <span class='ocrx_word' id='word_1_194' title='bbox 1163 2411 1443 2453; x_wconf 83' lang='lat' dir='ltr'><strong>suorumque</strong></span> 
     </span>
     <span class='ocr_line' id='line_1_33' title="bbox 182 2465 1443 2519; baseline 0.001 -14"><span class='ocrx_word' id='word_1_195' title='bbox 182 2465 340 2505; x_wconf 92' lang='lat' dir='ltr'><strong>usibus</strong></span> <span class='ocrx_word' id='word_1_196' title='bbox 369 2465 645 2518; x_wconf 89' lang='lat' dir='ltr'><strong>applicasse,</strong></span> <span class='ocrx_word' id='word_1_197' title='bbox 669 2470 715 2507; x_wconf 89' lang='lat' dir='ltr'><strong>et</strong></span> <span class='ocrx_word' id='word_1_198' title='bbox 741 2465 844 2507; x_wconf 87' lang='lat' dir='ltr'><strong>aliis</strong></span> <span class='ocrx_word' id='word_1_199' title='bbox 875 2465 1083 2519; x_wconf 86' lang='lat' dir='ltr'><strong>personis</strong></span> <span class='ocrx_word' id='word_1_200' title='bbox 1116 2465 1234 2506; x_wconf 89' lang='lat' dir='ltr'><strong>male</strong></span> <span class='ocrx_word' id='word_1_201' title='bbox 1270 2465 1443 2508; x_wconf 86' lang='lat' dir='ltr'><strong>meritis</strong></span> 
     </span>
     <span class='ocr_line' id='line_1_34' title="bbox 180 2530 1439 2583; baseline 0 -12"><span class='ocrx_word' id='word_1_202' title='bbox 180 2543 412 2583; x_wconf 76' lang='lat' dir='ltr'><strong>erogasse,</strong></span> <span class='ocrx_word' id='word_1_203' title='bbox 457 2530 551 2582; x_wconf 90' lang='lat' dir='ltr'><strong>Qui</strong></span> <span class='ocrx_word' id='word_1_204' title='bbox 575 2532 714 2572; x_wconf 89' lang='lat' dir='ltr'><strong>etiam</strong></span> <span class='ocrx_word' id='word_1_205' title='bbox 737 2531 903 2572; x_wconf 91' lang='lat' dir='ltr'><strong>nedum</strong></span> <span class='ocrx_word' id='word_1_206' title='bbox 928 2543 1182 2580; x_wconf 89' lang='lat' dir='ltr'><strong>munerum,</strong></span> <span class='ocrx_word' id='word_1_207' title='bbox 1207 2531 1286 2572; x_wconf 93' lang='lat' dir='ltr'><strong>sed</strong></span> <span class='ocrx_word' id='word_1_208' title='bbox 1302 2531 1439 2572; x_wconf 87' lang='lat' dir='ltr'><strong>etiam</strong></span> 
     </span>
     <span class='ocr_line' id='line_1_35' title="bbox 180 2597 1440 2651; baseline 0 -14"><span class='ocrx_word' id='word_1_209' title='bbox 180 2609 480 2649; x_wconf 88' lang='lat' dir='ltr'><strong>personarum</strong></span> <span class='ocrx_word' id='word_1_210' title='bbox 512 2601 526 2619; x_wconf 92' lang='lat'>‘</span> <span class='ocrx_word' id='word_1_211' title='bbox 544 2598 791 2651; x_wconf 88' lang='lat' dir='ltr'><strong>acceptor‚’</strong></span> <span class='ocrx_word' id='word_1_212' title='bbox 809 2597 820 2618; x_wconf 85' lang='lat'>¹</span> <span class='ocrx_word' id='word_1_213' title='bbox 846 2602 1009 2638; x_wconf 85' lang='lat' dir='ltr'><strong>contra</strong></span> <span class='ocrx_word' id='word_1_214' title='bbox 1038 2602 1194 2638; x_wconf 83' lang='lat' dir='ltr'><strong>votum</strong></span> <span class='ocrx_word' id='word_1_215' title='bbox 1236 2601 1440 2638; x_wconf 88' lang='lat' dir='ltr'><strong>nostrum</strong></span> 
     </span>
     <span class='ocr_line' id='line_1_36' title="bbox 179 2662 1443 2717; baseline 0.001 -14"><span class='ocrx_word' id='word_1_216' title='bbox 179 2667 226 2703; x_wconf 90' lang='lat' dir='ltr'><strong>et</strong></span> <span class='ocrx_word' id='word_1_217' title='bbox 241 2662 501 2716; x_wconf 80' lang='lat' dir='ltr'><strong>praestitum</strong></span> <span class='ocrx_word' id='word_1_218' title='bbox 518 2663 646 2705; x_wconf 89' lang='lat' dir='ltr'><strong>nobis</strong></span> <span class='ocrx_word' id='word_1_219' title='bbox 665 2663 898 2705; x_wconf 85' lang='lat' dir='ltr'><strong>fidelitatis</strong></span> <span class='ocrx_word' id='word_1_220' title='bbox 907 2663 1220 2717; x_wconf 86' lang='lat' dir='ltr'><strong>juramentum</strong></span> <span class='ocrx_word' id='word_1_221' title='bbox 1240 2662 1443 2713; x_wconf 78' lang='lat' dir='ltr'><strong>solitum,</strong></span> 
     </span>
    </p>
   </div>
   <div class='ocr_carea' id='block_1_3' title="bbox 336 2816 1306 2912">
    <p class='ocr_par' dir='ltr' id='par_1_3' title="bbox 336 2816 1306 2912">
     <span class='ocr_line' id='line_1_37' title="bbox 336 2816 1290 2858; baseline 0.002 -9"><span class='ocrx_word' id='word_1_222' title='bbox 336 2816 345 2833; x_wconf 75' lang='lat'>⁸</span> <span class='ocrx_word' id='word_1_223' title='bbox 367 2818 543 2850; x_wconf 66' lang='lat' dir='ltr'><strong>Amended</strong></span> <span class='ocrx_word' id='word_1_224' title='bbox 561 2818 644 2850; x_wconf 81' lang='lat' dir='ltr'><strong>from</strong></span> <span class='ocrx_word' id='word_1_225' title='bbox 660 2819 803 2858; x_wconf 78' lang='lat' dir='ltr'><strong>Rymer3</strong></span> <span class='ocrx_word' id='word_1_226' title='bbox 830 2818 930 2850; x_wconf 89' lang='lat' dir='ltr'><strong>MSS.</strong></span> <span class='ocrx_word' id='word_1_227' title='bbox 951 2818 1029 2849; x_wconf 82' lang='lat' dir='ltr'><strong>read</strong></span> <span class='ocrx_word' id='word_1_228' title='bbox 1046 2818 1055 2836; x_wconf 90' lang='lat'>‘</span> <span class='ocrx_word' id='word_1_229' title='bbox 1070 2818 1290 2858; x_wconf 82' lang='lat' dir='ltr'><strong>acceptores.&#39;</strong></span> 
     </span>
     <span class='ocr_line' id='line_1_38' title="bbox 1202 2884 1306 2912; baseline 0 0"><span class='ocrx_word' id='word_1_230' title='bbox 1202 2890 1220 2912; x_wconf 94' lang='lat' dir='ltr'><strong>c</strong></span> <span class='ocrx_word' id='word_1_231' title='bbox 1243 2890 1262 2912; x_wconf 88' lang='lat' dir='ltr'><strong>c</strong></span> <span class='ocrx_word' id='word_1_232' title='bbox 1285 2884 1306 2912; x_wconf 89' lang='grc'>2</span> 
     </span>
    </p>
   </div>
   <div class='ocr_carea' id='block_1_4' title="bbox 1484 426 1679 486">
    <p class='ocr_par' dir='ltr' id='par_1_4' title="bbox 1484 426 1679 486">
     <span class='ocr_line' id='line_1_39' title="bbox 1484 426 1679 453; baseline -0.005 0"><span class='ocrx_word' id='word_1_233' title='bbox 1484 426 1604 453; x_wconf 70' lang='lat' dir='ltr'><strong>mvn-d</strong></span> <span class='ocrx_word' id='word_1_234' title='bbox 1622 426 1679 452; x_wconf 84' lang='lat'>111.</span> 
     </span>
     <span class='ocr_line' id='line_1_40' title="bbox 1497 461 1668 486; baseline -0.012 0"><span class='ocrx_word' id='word_1_235' title='bbox 1497 461 1532 486; x_wconf 80' lang='lat' dir='ltr'><strong>A.</strong></span> <span class='ocrx_word' id='word_1_236' title='bbox 1547 461 1581 486; x_wconf 92' lang='lat' dir='ltr'><strong>D.</strong></span> <span class='ocrx_word' id='word_1_237' title='bbox 1595 461 1668 485; x_wconf 78' lang='lat'><strong>1341.</strong></span> 
     </span>
    </p>
   </div>
   <div class='ocr_carea' id='block_1_5' title="bbox 1482 495 1674 504">
    <p class='ocr_par' dir='ltr' id='par_1_5' title="bbox 1482 495 1674 504">
     <span class='ocr_line' id='line_1_41' title="bbox 1482 495 1674 504; baseline 0 0"><span class='ocrx_word' id='word_1_238' title='bbox 1482 495 1674 504; x_wconf 95' lang='lat' dir='ltr'><strong> </strong></span> 
     </span>
    </p>
   </div>
   <div class='ocr_carea' id='block_1_6' title="bbox 1477 514 1679 640">
    <p class='ocr_par' dir='ltr' id='par_1_6' title="bbox 1477 514 1679 640">
     <span class='ocr_line' id='line_1_42' title="bbox 1480 514 1620 545; baseline 0 -6"><span class='ocrx_word' id='word_1_239' title='bbox 1480 515 1557 545; x_wconf 75' lang='lat' dir='ltr'><strong>King</strong></span> <span class='ocrx_word' id='word_1_240' title='bbox 1567 514 1620 539; x_wconf 84' lang='lat' dir='ltr'><strong>Ed-</strong></span> 
     </span>
     <span class='ocr_line' id='line_1_43' title="bbox 1478 547 1679 572; baseline 0 0"><span class='ocrx_word' id='word_1_241' title='bbox 1478 547 1576 572; x_wconf 76' lang='lat' dir='ltr'><strong>wnrd&#39;s</strong></span> <span class='ocrx_word' id='word_1_242' title='bbox 1596 547 1679 572; x_wconf 75' lang='lat' dir='ltr'><strong>letter</strong></span> 
     </span>
     <span class='ocr_line' id='line_1_44' title="bbox 1478 581 1679 611; baseline -0.005 -6"><span class='ocrx_word' id='word_1_243' title='bbox 1478 584 1506 605; x_wconf 77' lang='lat' dir='ltr'><strong>to</strong></span> <span class='ocrx_word' id='word_1_244' title='bbox 1515 581 1564 605; x_wconf 84' lang='lat' dir='ltr'><strong>the</strong></span> <span class='ocrx_word' id='word_1_245' title='bbox 1574 581 1679 611; x_wconf 76' lang='lat' dir='ltr'><strong>Bishop</strong></span> 
     </span>
     <span class='ocr_line' id='line_1_45' title="bbox 1477 613 1645 640; baseline 0.006 -1"><span class='ocrx_word' id='word_1_246' title='bbox 1477 614 1509 639; x_wconf 81' lang='lat' dir='ltr'><strong>or</strong></span> <span class='ocrx_word' id='word_1_247' title='bbox 1517 613 1645 640; x_wconf 81' lang='lat' dir='ltr'><strong>London.</strong></span> 
     </span>
    </p>
   </div>
  </div>
 </body>
</html>
