2038 3306
448 342 677 374 WAL'rssm
708 344 770 375 DE
802 343 1178 376 unumessuncn.
1347 333 1433 375 421

170 443 420 486 adventum
451 459 535 488 rex
562 447 771 490 Franciae
797 448 1040 503 Philippus
1067 449 1236 491 direxit
1270 449 1429 491 literas
1446 459 1645 518 nggrqassh

171 522 279 551 suas
312 510 552 554 Scotorum
586 515 683 567 regi
716 514 888 565 David,
923 516 971 557 in
1010 515 1192 557 Gallico
1235 520 1287 557 ut
1321 516 1427 557 sub·
1490 510 1497 517 ⁹
1536 510 1542 517 ’
1624 510 1631 517 ’

171 577 380 629 sequitur
414 579 721 631 continentes,
743 581 770 605 “
792 580 1039 623 Carissimo
1057 594 1112 624 ac
1132 581 1425 624 dilectissime
1441 602 1581 629 Letteror

168 645 522 697 consanguinee,
587 646 744 688 literas
789 652 967 689 vestras
1011 647 1275 689 amicabiles
1319 660 1424 689 cum
1442 635 1641 700 ἷξῗζιζρυῖξὶᾶο

167 708 388 752 immenso
421 711 663 754 incolumis
699 717 850 755 status
893 714 1033 757 vestri
1066 714 1253 768 gaudio,
1288 727 1423 767 quem
1440 702 1621 762 issfiffiiifnd‘

168 775 298 816 nobis
341 777 654 830 significastiS‚
697 779 967 832 recepimus,
1023 784 1068 821 et
1115 780 1246 825 vobis
1306 781 1423 822 scire

169 839 362 883 facimus
393 844 516 896 quod
546 857 647 895 nos,
668 845 843 898 regina,
877 845 1098 899 liberique
1131 846 1293 896 nostri,
1317 859 1421 888 cum

166 913 417 959 praesentes
461 910 518 953 de
562 911 690 952 curia
732 915 892 952 nostra
947 917 1219 954 emanarunt
1261 912 1421 963 literae,

166 973 404 1025 sospitate,
424 975 637 1017 laudetur
666 976 811 1026 Deus,
835 977 1149 1029 gaudebamus
1179 983 1226 1019 et
1255 978 1420 1021 salute.

170 1037 229 1079 Et
252 1038 338 1080 hoc
358 1040 406 1080 in
429 1040 623 1082 veritate
646 1042 959 1084 intelleximus
978 1043 1099 1096 quod
1128 1056 1210 1084 rex
1235 1042 1420 1096 Angliae

163 1103 222 1145 ad
256 1106 540 1158 gravandum
573 1119 657 1149 nos
693 1112 738 1149 et
775 1113 958 1150 nostros
990 1109 1037 1150 in
1077 1122 1220 1162 regno
1263 1115 1420 1152 nostro

165 1170 378 1212 festinum
414 1172 660 1215 adventum
697 1179 928 1216 maturare
964 1175 1175 1225 intendit,
1199 1176 1421 1230 nobisque

167 1236 364 1287 videtur,
398 1239 707 1281 amantissime
742 1253 796 1281 ac
828 1241 1138 1290 dilectissime,
1162 1241 1284 1295 quod
1316 1254 1420 1283 cum

164 1302 253 1343 illis
297 1304 376 1356 qui
422 1305 480 1346 ad
527 1311 682 1359 partes
728 1311 908 1348 nostras
943 1307 1100 1348 venire
1138 1314 1422 1361 praesumunt

164 1370 460 1422 conquirendi
497 1372 694 1424 patriam
731 1385 878 1423 suam,
915 1372 988 1415 vel
1025 1373 1259 1424 damnum,
1298 1375 1419 1428 quod

166 1447 399 1489 nunquam
449 1450 719 1492 recuperare
771 1439 956 1492 poterit,
1006 1439 1240 1490 inferendi,
1296 1453 1419 1483 emo-

164 1502 413 1544 lumentum
435 1505 653 1558 consequi
675 1506 885 1559 poteritis
914 1519 1006 1547 non
1027 1506 1161 1548 exile.
1224 1506 1420 1558 Idcirco,

163 1570 496 1620 praecarissime
548 1584 647 1621 rex,
700 1571 878 1613 fortiori
927 1572 1062 1614 modo
1113 1585 1204 1626 quo
1254 1573 1421 1615 valetis

163 1647 327 1686 parare
371 1649 454 1677 vos
494 1637 722 1690 satagite:
774 1638 889 1679 alias
947 1638 1064 1679 enim
1106 1642 1288 1692 tempus
1327 1639 1419 1682 tale

161 1705 322 1742 contra
340 1701 512 1743 dictum
532 1716 687 1755 regem
710 1701 911 1756 Angliae,
932 1704 1165 1746 inimicum
1196 1709 1420 1756 nostrum,

163 1767 362 1809 arridere
385 1781 478 1810 non
497 1768 764 1819 videbimus,
798 1770 892 1823 qui,
922 1771 1041 1812 sicut
1067 1771 1230 1820 nostiS‚
1247 1771 1295 1812 in
1316 1775 1419 1812 tan-

162 1838 259 1874 tum
294 1834 580 1884 inhonerare,
601 1835 894 1878 damnificare
924 1849 1006 1878 vos
1043 1837 1203 1878 nititur
1232 1842 1279 1878 et
1313 1850 1419 1890 gra-

164 1912 287 1949 vare,
321 1913 424 1953 quae
455 1914 615 1942 revera
649 1902 868 1943 oblivioni
898 1903 1076 1944 tradere
1105 1916 1197 1944 non
1227 1902 1418 1946 debetis.

164 1965 224 2006 Et
255 1971 405 2007 certos
438 1978 521 2007 vos
544 1979 644 2008 esse
667 1967 877 2009 volumus
911 1981 1068 2010 verum
1102 1973 1173 2010 est
1204 1968 1327 2021 quod
1359 1969 1418 2011 ad

162 2037 317 2084 partes
330 2037 528 2083 nostras,
547 2033 666 2075 sicut
684 2047 766 2087 per
779 2046 912 2076 suum
931 2039 1205 2088 apparatum
1226 2039 1420 2088 apparet

161 2098 389 2149 bellicum,
413 2099 702 2153 applicuerit,
726 2099 798 2141 vel
822 2113 912 2141 non
934 2105 1110 2142 tantam
1133 2100 1181 2141 in
1204 2099 1418 2154 Angliam

162 2178 262 2205 cum
305 2170 586 2207 armatorum
627 2167 760 2219 copia
806 2167 1167 2208 transmittemus
1208 2167 1418 2217 classem,

161 2244 267 2284 qua,
313 2231 401 2273 Dei
442 2232 678 2286 nostrique
726 2232 954 2275 mediante
994 2233 1226 2286 suffragio,
1268 2233 1417 2286 ipsum

161 2296 386 2351 subjicere
408 2298 694 2340 meditamur.
765 2298 865 2340 Vos
885 2299 1042 2353 itaque
1063 2299 1350 2353 requirimus,
1371 2306 1418 2342 et

161 2364 205 2404 in
246 2369 470 2417 quantum
519 2364 766 2406 sufficimus
816 2378 1078 2415 exoramus,
1134 2366 1180 2406 in
1232 2365 1320 2407 fide
1370 2371 1416 2408 et

159 2429 416 2480 dilectione,
453 2435 547 2471 tam
579 2445 660 2485 per
690 2432 1132 2484 consanguinitatem
1170 2444 1307 2486 quam
1335 2445 1416 2486 per

158 2495 420 2549 alligantias
443 2497 562 2538 inter
587 2510 670 2540 nos
694 2503 740 2539 et
763 2510 845 2539 vos
867 2497 1063 2547 habitaS,
1085 2498 1215 2539 nobis
1235 2497 1415 2549 debitis,

160 2568 205 2604 et
238 2563 387 2613 aliter,
430 2564 649 2617 quatinus
679 2564 724 2604 in
755 2564 971 2617 praesenti
1007 2564 1202 2605 articulo
1235 2577 1413 2606 omnem

160 2628 441 2682 diligentiam
477 2635 678 2672 vestram
713 2634 758 2671 et
799 2643 955 2671 curam
990 2642 1221 2683 apponere
1264 2631 1413 2672 nulla-

160 2699 293 2736 tenus
338 2696 576 2746 omittatis,
611 2697 707 2737 vice
753 2709 949 2750 namque
997 2697 1226 2750 praesenti,
1257 2696 1415 2740 divino

160 2760 342 2802 favente
375 2762 565 2812 auxilio,
597 2776 680 2804 nos
711 2767 756 2803 et
784 2775 866 2804 vos
905 2762 963 2804 ad
1002 2767 1206 2806 nostrum
1245 2776 1414 2816 propo-

159 2827 297 2868 situm
319 2828 610 2870 deveniemus
632 2834 677 2870 et
702 2828 1017 2879 intentionem,
1038 2830 1156 2871 sicut
1180 2842 1264 2883 pro
1287 2830 1416 2871 vobis
