2038 3306
296 750 474 776 commotion

298 782 330 808 in
344 783 445 809 Ghent.

514 308 600 349 170

515 484 782 529 valeamus.¹

1011 318 1288 350 cHRomcoN

312 432 482 492 {¹339ss
513 420 669 462 Terrae
686 420 882 470 Sanctae,
897 420 1139 474 providere
1156 422 1403 465 salubriter
1416 423 1556 465 dante
1574 424 1774 465 Domino

294 519 395 545 Award
408 520 440 546 or

295 552 370 584 Pope

293 585 436 612 Bonifoee.

639 632 705 674 De
728 631 934 674 Seditiono
955 631 1285 674 flandrensium
1307 638 1452 674 contra
1474 633 1637 690 Reyem.

582 746 733 795 luitis,
763 749 831 787 ·ut
877 745 1051 788 dictum
1111 750 1197 795 est,
1247 747 1423 799 treugis
1469 747 1771 798 biennalibus,

514 812 622 853 dum
653 812 710 854 ad
745 811 1023 854 redeundum
1051 812 1099 853 in
1126 812 1344 865 Angliam
1374 825 1424 854 se
1454 813 1599 854 nostri
1628 813 1774 855 modis

514 878 723 920 omnibus
769 883 1099 932 praepararent,
1149 891 1253 920 ecce
1303 878 1467 920 seditio
1522 878 1773 921 Flandren—

514 945 631 985 sium
673 943 760 986 hoc
801 944 959 986 ordine
1000 944 1274 987 declaratur.

1344 944 1627 998 Congregati
1667 950 1774 986 sunt

516 1023 714 1063 namque
759 1022 816 1052 ex
862 1011 1089 1052 universis
1130 1010 1296 1052 finibus
1343 1010 1443 1066 ejus
1485 1011 1573 1053 viri
1618 1011 1775 1062 fortes,

560 1137 570 1157 ¹
594 1138 666 1171 The
696 1139 839 1180 original
867 1138 966 1170 letter
997 1139 1033 1170 in
1070 1137 1128 1170 the
1164 1138 1244 1170 viris
1278 1138 1423 1170 dominis
1455 1137 1610 1170 Johanne
1630 1137 1780 1178 Judicis,

512 1185 682 1225 Treasury
711 1185 750 1216 of
783 1185 839 1216 the
869 1184 975 1216 Court
1004 1184 1042 1216 of
1071 1184 1127 1216 the

514 1231 656 1270 Receipt
669 1231 708 1262 of
725 1231 780 1262 the
805 1230 1007 1270 Exchequer
1026 1231 1128 1261 conti-

514 1286 598 1308 nues
613 1276 693 1308 thus
703 1287 761 1308 :—

562 1323 584 1340 “
600 1323 700 1363 Acta,
737 1323 819 1363 lata,
848 1325 881 1354 et
910 1321 1130 1362 pronunciata

515 1369 650 1400 fuerunt
673 1369 861 1408 arbitrium,
873 1368 1026 1408 laudum,
1043 1368 1130 1399 arbi-

515 1415 609 1446 tralis
633 1416 809 1455 sententia,
823 1414 1029 1455 mandatum,
1045 1414 1131 1445 diffi-

514 1461 608 1502 nitio,
619 1462 797 1502 ordinatio,
811 1461 1001 1501 dispositio,
1016 1463 1050 1492 et
1062 1470 1130 1492 om-

514 1508 572 1538 nia
587 1509 782 1548 supradicta
792 1517 852 1548 per
867 1500 1010 1539 eufidem
1025 1507 1130 1538 domi-

514 1563 593 1585 num
619 1564 755 1595 papam,
785 1557 824 1585 ut
856 1554 1012 1593 superius
1035 1563 1131 1584 enar-

514 1603 644 1639 rantur,
667 1610 767 1640 anno,
790 1600 984 1639 indictione,
1005 1609 1131 1639 mense,

515 1656 555 1677 ac
580 1647 635 1677 die
665 1647 853 1686 praedictis,
883 1646 1013 1685 Romae,
1038 1646 1130 1685 apud

514 1692 673 1724 Sanctum
699 1692 849 1732 Petrum,
865 1692 899 1722 in
921 1692 1048 1731 palatio
1070 1701 1130 1731 pa-

515 1739 599 1778 pali,
614 1740 649 1770 in
664 1739 860 1770 consistorio
880 1738 1018 1778 publico
1044 1738 1131 1769 facto

515 1785 549 1815 in
565 1785 638 1816 sala
658 1786 788 1824 majori,
802 1788 967 1824 praesente
987 1785 1035 1815 ibi
1054 1793 1132 1824 gen-

514 1830 597 1861 tium
613 1831 827 1862 multitudine
842 1831 991 1870 copiosa,
1003 1833 1036 1861 et
1046 1840 1133 1870 prae-

515 1877 666 1908 sentibus
682 1877 872 1909 reverendis
894 1877 1048 1916 patribus
1070 1877 1131 1908 do-

516 1923 627 1964 minis,
652 1923 720 1954 Dei
743 1923 863 1963 gratia,
887 1923 1040 1955 Gerardo
1070 1923 1131 1953 Sa·

515 1969 658 2009 binensi,
677 1969 778 2000 fratre
795 1969 933 2000 Matheo
951 1969 1129 2000 Portuensi

515 2017 549 2045 et
577 2015 710 2046 Sanctae
736 2015 880 2055 Rufinae,
909 2024 949 2046 ac
976 2015 1130 2047 Johanne

512 2060 758 2092 Tusculanensi
772 2062 953 2101 episcopis.
975 2061 1130 2093 Johanne

513 2107 610 2138 titulo
641 2108 838 2139 Sanctorum
868 2107 1060 2139 Marcellini
1097 2110 1131 2138 et

514 2153 620 2193 Petri,
634 2154 778 2185 Nicolao
795 2154 892 2185 titulo
908 2154 1023 2184 Sancti
1040 2154 1130 2184 Lau-

512 2200 610 2230 rentii
645 2200 681 2231 in
715 2200 897 2240 Damasco,
933 2199 1034 2231 fratre
1068 2199 1129 2231 Ja-

512 2246 595 2277 cobo
631 2246 730 2277 titulo
776 2247 891 2278 Sancti
935 2245 1130 2286 Clementis,

512 2291 640 2323 Thoma
654 2293 752 2324 titulo
772 2293 905 2324 Sanctae
922 2291 1075 2332 Ceciliae,
1090 2301 1129 2323 ac

515 2338 658 2370 Roberto
696 2339 794 2370 titulo
837 2339 970 2370 Sanctae
1008 2338 1130 2369 Poten-

513 2385 626 2425 tianae,
637 2386 853 2425 presbyteris.
877 2384 1016 2416 Matheo
1028 2384 1131 2415 Sanc-

513 2434 557 2462 tae
582 2431 704 2463 Mariae
727 2432 761 2462 in
777 2431 915 2463 Porticu
934 2431 1130 2470 Nepoleone

514 2476 628 2508 Sancti
704 2478 860 2518 Adriani,
931 2476 1130 2509 Guillielmo

515 2523 627 2555 Sancti
658 2524 795 2556 Nicolai
825 2525 860 2555 in
889 2532 1023 2554 carcere
1048 2523 1130 2554 Tul-

515 2569 617 2610 liano,
647 2570 827 2602 Francisco
856 2570 988 2602 Sanctae
1009 2569 1130 2600 Mariae

515 2615 549 2646 in
599 2616 793 2658 Cosmedin,
841 2616 943 2647 Petro
997 2615 1129 2647 Sanctae

516 2661 637 2693 Mariae
663 2673 771 2703 novae,
794 2672 834 2694 ac
859 2662 990 2695 Jacobo
1016 2662 1130 2693 Sancti

514 2707 652 2748 Georgii
668 2709 712 2740 ad
726 2710 840 2741 velum
855 2717 1007 2748 aureum,
1018 2708 1131 2740 diaco-

1163 1184 1302 1215 Matheo
1333 1183 1511 1224 Casazulo,
1544 1182 1702 1214 Guidone
1735 1183 1779 1215 de

1161 1229 1332 1270 Anagnia,
1356 1232 1390 1261 et
1417 1228 1621 1268 Adenulpho
1646 1228 1688 1260 de
1714 1229 1778 1260 Su-

1161 1276 1218 1315 pin
1243 1298 1253 1316 ,
1269 1275 1393 1307 domini
1409 1285 1509 1315 papae
1526 1275 1676 1308 notariis.
1726 1275 1779 1307 Ac

1162 1322 1333 1354 nobilibus
1360 1322 1442 1353 viris
1466 1322 1610 1353 dominis
1633 1322 1722 1353 Urso
1745 1325 1780 1354 et

1163 1368 1325 1399 Bertuldo
1347 1368 1390 1399 de
1412 1367 1491 1399 filiis
1506 1368 1587 1399 Ursi
1609 1367 1651 1399 de
1675 1368 1779 1408 Urbe,

1164 1414 1398 1447 Bartholomeo
1439 1414 1482 1446 de
1520 1413 1643 1453 Capua
1685 1415 1780 1454 regni

1163 1461 1290 1492 Siciliae
1312 1460 1503 1500 logotheta3
1533 1464 1568 1491 et
1582 1460 1712 1492 Jacobo
1735 1460 1778 1493 de

1164 1507 1257 1538 Pisis
1298 1506 1464 1538 familiare
1505 1507 1614 1546 ipsius
1652 1507 1779 1538 domini

1163 1563 1262 1593 papae
1281 1554 1443 1591 testibus3
1476 1562 1515 1584 ac
1531 1553 1665 1584 domino
1687 1553 1778 1584 Deo-

1163 1600 1242 1630 dato
1259 1599 1301 1630 de
1310 1600 1402 1631 Urbe
1418 1599 1527 1638 ipsius
1538 1598 1663 1629 domini
1678 1609 1778 1639 papae

1164 1646 1349 1686 capellano,
1385 1646 1445 1685 qui
1481 1645 1668 1686 arbitrium,
1704 1645 1779 1677 lau-

1164 1692 1256 1730 dum,
1267 1692 1457 1723 arbitralem
1470 1692 1675 1731 sententiam,
1686 1701 1778 1723 man-

1163 1738 1292 1779 datum,
1325 1738 1566 1777 diffinitionem,
1598 1737 1778 1769 ordinatio-

1163 1794 1251 1824 nem,
1282 1787 1316 1815 et
1351 1785 1463 1815 omnia
1495 1784 1702 1824 supradicta,
1736 1784 1778 1815 de

1164 1831 1320 1862 mandato
1341 1830 1495 1870 praedicti
1517 1830 1642 1861 domini
1668 1840 1781 1870 papae,

1164 1877 1288 1908 ibidem
1324 1876 1462 1916 publice
1497 1876 1592 1917 legit,
1630 1880 1663 1908 et
1699 1887 1780 1908 voce

1164 1924 1263 1962 quasi
1300 1923 1470 1962 praeconia
1507 1923 1672 1955 recitavit.
1736 1924 1782 1954 Et

1164 1979 1226 2009 ego
1242 1969 1420 2009 Nicolaus,
1431 1969 1543 2000 dictus
1559 1969 1725 2000 Novellus
1736 1970 1779 2000 de

1164 2015 1261 2056 Vico,
1276 2015 1462 2055 apostolica
1472 2018 1506 2046 et
1520 2015 1687 2054 imperiali
1700 2025 1780 2046 auc-

1163 2062 1296 2093 toritate
1329 2062 1493 2099 notarius,
1522 2061 1695 2100 praedictis
1732 2062 1781 2092 in-

1164 2107 1285 2147 terfui;
1323 2110 1357 2138 et
1390 2117 1432 2139 ea
1461 2108 1572 2138 omnia
1608 2110 1648 2138 ut
1677 2117 1781 2147 supra

1163 2153 1298 2194 legitur,
1319 2154 1361 2185 de
1383 2153 1540 2184 mandato
1563 2153 1696 2192 praefati
1721 2154 1780 2185 do-

1164 2200 1244 2230 mini
1266 2209 1379 2240 papae,
1400 2200 1520 2239 scripsi
1541 2202 1575 2230 et
1598 2199 1782 2240 publicavi,

1164 2255 1204 2277 ac
1230 2256 1304 2278 meo
1330 2247 1426 2286 signo
1451 2248 1611 2277 consueto
1641 2246 1782 2286 signavi.

1165 2292 1264 2323 Nulli
1289 2302 1369 2332 ergo
1392 2292 1524 2323 omnino
1549 2292 1719 2323 hominum
1742 2293 1783 2326 li.-

1163 2342 1238 2369 ceat
1252 2338 1338 2370 hanc
1352 2339 1509 2378 paginam
1525 2342 1646 2369 nostrae
1661 2339 1783 2370 consti-

1164 2385 1304 2416 tutionis
1315 2388 1349 2415 et
1360 2385 1583 2415 annotationis
1598 2384 1780 2425 infringere

1163 2430 1217 2461 vel
1237 2433 1271 2461 et
1294 2440 1380 2462 ausu
1407 2430 1583 2462 temerario
1604 2431 1780 2462 contraire.

1164 2476 1200 2507 Si
1230 2477 1308 2516 quis
1337 2479 1450 2507 autem
1480 2476 1543 2507 hoc
1582 2479 1780 2515 attemptare

1163 2523 1428 2562 praesumpserit,
1439 2522 1698 2562 indignationem
1713 2532 1782 2553 om-

1163 2569 1344 2608 nipotentis
1356 2568 1425 2599 Dei
1448 2571 1482 2599 et
1496 2569 1668 2600 beatorum
1686 2568 1778 2600 Petri

1165 2618 1199 2646 et
1215 2615 1317 2646 Pauli
1333 2614 1558 2654 apostolorum
1574 2616 1660 2654 ejus.
1673 2624 1708 2645 se
1723 2624 1781 2646 no-

1164 2662 1249 2692 verit
1258 2662 1480 2693 incursurum.
1511 2660 1639 2692 Datum
1652 2660 1780 2702 Romae,

1163 2708 1256 2747 apud
1272 2708 1429 2739 Sanctum
1442 2707 1593 2745 Petrum,
1609 2715 1648 2738 11.
1665 2706 1781 2738 kalen·

513 2754 611 2785 nibus
638 2758 762 2787 sanetae
786 2756 944 2787 Romanae
975 2754 1129 2786 ecclesiae
1162 2753 1225 2785 das
1239 2754 1339 2794 Julii,
1355 2753 1566 2794 pontificatus
1575 2754 1679 2785 nostri
1694 2763 1780 2785 anno

514 2800 756 2833 cardinalibus.
806 2802 850 2832 Et
882 2801 1131 2834 venerabilibus
1162 2803 1292 2840 quarto.
