1992 3202
537 253 596 294 32
1013 263 1076 293 cn
1083 263 1286 295 Romcon

337 374 498 433 {dv-garg&
540 371 673 409 nates
704 366 974 408 litteratorie
1017 366 1354 415 submiserunt;
1391 366 1510 409 unde
1550 366 1799 420 praedictus

323 426 471 493 Aff'm'ms
504 426 511 433 ’
538 446 637 482 rex,
666 431 931 473 convocatis
965 432 1260 484 magnatibus
1284 433 1380 473 suis
1411 438 1457 474 et
1487 432 1627 482 clero,
1652 431 1798 472 tenuit

320 501 461 527 ³⁶⁰²¹⁸¹¹d·
538 498 890 551 parliamentum
921 509 1055 537 suum
1083 497 1206 550 apud
1232 497 1440 539 Norham
1465 498 1598 551 quasi
1622 498 1667 537 in
1691 509 1797 537 con-

320 570 494 629 ffssss'ffig‘
538 563 644 604 finio
674 563 912 615 utriusque
939 562 1083 614 regni,
1104 562 1149 602 in
1173 562 1425 616 quindena¹
1447 563 1642 604 Paschae
1675 575 1794 603 anno

490 620 499 630 ⁰
539 628 726 669 Domini
750 638 962 669 M.ccx01.
980 632 1026 668 et
1050 627 1180 680 regni
1203 628 1275 668 sui
1299 639 1407 670 xlx.
1432 628 1477 669 in
1495 641 1587 681 quo
1612 628 1794 681 quidem

537 694 639 735 loco
656 698 965 736 convenerunt
983 693 1135 734 clerici
1159 706 1218 734 ex
1240 693 1453 734 condictu
1473 693 1595 746 regis
1617 693 1796 746 experti

537 759 584 799 in
615 760 721 814 jure
756 759 878 800 civili
917 764 963 800 et
1003 759 1237 810 canonico,
1281 758 1484 812 religiosi
1521 759 1654 800 multi
1692 771 1795 799 cum

538 824 764 866 chronicis
785 825 897 874 suis,
924 825 1044 866 sicut
1066 829 1259 878 apparet
1291 825 1337 864 in
1360 829 1558 878 quatuor
1581 824 1701 866 foliis
1722 837 1795 865 se-

539 891 783 943 quentibus
825 895 872 931 et
914 891 1211 943 interpositis,
1251 890 1455 944 episcopi
1494 890 1648 944 plures
1690 902 1794 930 cum

541 955 740 997 Eborum
756 956 1116 1009 archiepiscopo,
1131 956 1371 997 tractaturi
1391 956 1589 997 finaliter
1604 956 1660 997 de
1673 956 1797 1009 capi-

538 1021 621 1062 tali
663 1021 860 1062 dominio
897 1022 1024 1074 regni
1064 1021 1247 1071 Scotiae,
1289 1034 1343 1063 eo
1387 1022 1509 1075 quod
1550 1022 1671 1063 idem
1711 1034 1795 1063 rex

539 1086 720 1127 dicebat
755 1099 820 1137 se,
855 1087 973 1128 sicut
1023 1091 1070 1127 et
1115 1087 1474 1139 praedecessores
1511 1088 1584 1128 sui
1613 1087 1794 1141 jamdiu

539 1152 803 1201 extiterant,
843 1165 942 1193 esse
976 1157 1022 1193 et
1056 1164 1156 1192 esse
1195 1152 1359 1194 debere
1403 1165 1559 1205 regem
1589 1158 1637 1194 et
1665 1153 1796 1205 regni

322 1226 441 1251 Edward
539 1216 704 1258 Scotiae
725 1217 957 1258 dominum
975 1217 1234 1269 capitalem.
1312 1217 1407 1268 Qui
1427 1222 1657 1259 retroacta
1678 1222 1792 1259 tem-

322 1259 445 1284 declares

322 1290 510 1317 himsefflord
539 1294 652 1335 pora
673 1282 912 1335 diligenter
931 1282 1246 1324 examinantes
1277 1287 1323 1323 et
1345 1282 1614 1336 singillatim
1646 1288 1693 1324 et
1722 1295 1794 1324 se-

321 1326 503 1382 ἷῗῖἒέἷῖἓξὲ.
539 1360 693 1387 orsum
736 1347 958 1401 requisiti,
1005 1347 1050 1387 in
1094 1348 1385 1389 conscientiis
1432 1349 1526 1389 suis
1575 1348 1794 1390 dixerunt

538 1425 694 1454 omnes
727 1413 847 1466 quod
885 1426 1148 1466 supremum
1178 1413 1428 1454 dominium
1459 1414 1588 1467 regni
1625 1414 1793 1456 Scotiae

538 1479 787 1531 pertineret
821 1478 879 1519 ad
912 1492 1066 1531 regem
1101 1478 1298 1531 Angliae,
1331 1479 1419 1520 nisi
1449 1480 1623 1533 aliquid
1656 1480 1796 1521 habe-

534 1549 661 1585 retur
684 1544 961 1585 contrarium
986 1557 1066 1597 per
1087 1544 1208 1597 quod
1239 1544 1589 1587 excluderentur
1612 1558 1640 1587 a
1663 1546 1795 1587 chro-

535 1609 649 1650 nicis
673 1613 898 1651 extracta.
961 1609 1095 1651 Unde
1118 1609 1266 1651 dictus
1293 1623 1376 1651 rex
1401 1611 1655 1653 Edwardus
1687 1625 1795 1653 con-

538 1675 714 1716 vocatis
756 1687 908 1716 coram
953 1687 1002 1716 se
1044 1675 1248 1728 praelatis
1287 1681 1333 1717 et
1365 1678 1630 1729 proceribus
1666 1679 1795 1730 regni

540 1739 707 1781 Scotiae
731 1740 985 1782 inecclesia
1007 1741 1257 1793 parochiali
1279 1742 1335 1783 de
1358 1742 1583 1793 Norbam,
1604 1753 1668 1784 vl.
1692 1733 1795 1785 idus

324 1806 481 1871 fi‘ffiss?5’
542 1805 656 1846 Maii
680 1819 800 1846 anno
831 1806 1095 1859 supradicto
1125 1807 1300 1849 scilicet
1324 1819 1534 1849 M.ccx01.
1566 1809 1795 1863 subscrip-

538 1875 633 1912 tam
660 1871 924 1924 petitionem
957 1885 1038 1925 per
1066 1873 1292 1925 quendam
1322 1886 1455 1914 suum
1485 1874 1673 1915 militem
1697 1875 1796 1917 Ro-

539 1949 697 1989 gerum
720 1936 983 1978 Brabason²
1003 1939 1242 1991 proposuit
1262 1940 1309 1980 in
1325 1939 1423 1981 haec
1441 1941 1595 1981 verba.
1628 1944 1657 1962 “
1678 1940 1795 1982 Cum

538 2002 585 2042 in
615 2001 731 2042 libro
754 2002 1020 2055 Sapientiae,
1050 2003 1138 2044 hiis
1166 2005 1244 2056 qui
1274 2010 1496 2058 praesunt,
1525 2006 1719 2058 primum
1750 2012 1797 2048 et

539 2071 551 2088 ‘
567 2065 920 2120 principaliter’³
942 2068 1101 2109 datum
1131 2069 1192 2110 sit
1221 2075 1500 2124 praeceptum
1522 2076 1573 2112 ut
1601 2071 1798 2124 diligant

534 2132 766 2185 justitiam
791 2133 870 2186 qui
886 2132 1099 2187 judicant
1116 2138 1302 2185 terram,
1324 2140 1386 2185 et,
1411 2136 1662 2178 secundum
1685 2150 1796 2191 apo-

539 2198 748 2238 stolicam
763 2198 1033 2248 doctrinam,
1055 2199 1193 2253 hujus
1203 2200 1401 2254 justitiae
1422 2201 1599 2243 fructus
1615 2203 1662 2244 in
1682 2216 1797 2256 pace

539 2263 804 2313 seminatur,
822 2277 925 2316 quae
940 2269 1010 2305 est
1031 2266 1342 2318 tranquillitas
1360 2267 1532 2309 ordinis
1551 2281 1643 2321 quo
1664 2281 1798 2322 pares

539 2334 585 2369 et
616 2329 814 2381 impares
845 2329 959 2370 locis
983 2330 1069 2371 sibi
1091 2333 1445 2385 congruentibus
1480 2333 1797 2386 disponantur,

540 2399 584 2435 et
616 2394 738 2447 apud
770 2395 988 2436 mortales
1019 2396 1131 2437 nihil
1162 2410 1276 2450 pace
1307 2398 1654 2439 desiderabilius
1690 2412 1798 2440 con-

586 2542 594 2560 ¹
617 2544 699 2575 This
722 2547 817 2584 term,
840 2545 875 2575 in
899 2545 1067 2585 Enghnd,
1091 2545 1150 2576 de-

538 2590 636 2620 noted
665 2590 720 2621 the
753 2590 940 2622 fourteenth
969 2591 1037 2630 day
1067 2591 1152 2622 after

538 2635 669 2675 Easter,
685 2637 745 2667 but
767 2646 808 2667 on
829 2636 884 2667 the
900 2636 1080 2668 Continent
1095 2637 1150 2668 the

537 2681 629 2720 eight
658 2682 743 2720 days
780 2682 962 2722 preceding
998 2682 1065 2713 and
1094 2682 1150 2715 the

537 2726 628 2765 eight
643 2727 726 2766 days
741 2727 913 2768 following
928 2728 1059 2760 Easter.

1183 2615 1194 2646 l
1234 2568 1337 2646 ”dThe
1349 2569 1452 2601 Chief
1462 2570 1651 2610 Justiciary
1660 2571 1699 2602 of
1710 2572 1800 2613 Eng-

1196 2625 1239 2647 an
1266 2638 1275 2647 .

1232 2704 1245 2723 ³
1265 2707 1275 2724 ‘
1288 2707 1518 2749 principium,'
1533 2707 1609 2739 MS.
1624 2708 1752 2742 Lansd.
