2038 3306
430 296 655 328 WAh'rssm
690 297 751 326 DE
783 297 1156 328 REMINGBURGH.
1336 287 1422 328 335

167 401 389 442 Romanae
409 401 614 442 ecclesiae
637 405 904 454 persecutor
927 405 974 442 et
997 401 1143 442 hostis
1167 399 1371 450 effectus,
1395 413 1423 441 a
1439 418 1562 444 navam
1581 418 1637 443 111.

164 467 329 519 quibus
356 471 402 507 te
430 466 846 508 misericordiarum
872 467 1101 508 Dominus
1136 470 1349 520 protegat
1375 470 1422 507 et
1439 451 1638 536 Βζιῖἰιιῖἰίὲ

163 531 391 573 defendat.
470 531 870 585 Considerausque
903 537 1125 584 praeterea
1166 531 1422 584 diligenter,
1439 538 1577 597 ξῖῗξᾱῑοῑ

165 597 286 650 quod
330 597 439 638 licet
481 597 728 638 humanum
777 597 837 638 sit
882 609 1090 650 peccare,
1130 597 1176 638 in
1221 597 1423 650 peccatis

165 667 318 704 tamen
341 663 684 715 perseverantia
714 661 940 703 diabolica
967 667 1038 703 est
1072 662 1309 713 censenda,
1330 667 1375 703 te
1397 674 1426 702 a

165 728 414 782 praemissis
436 728 630 781 singulis
652 728 718 769 sic
747 726 984 768 horrendis
1012 727 1171 777 deviis,
1195 728 1235 768 si
1265 727 1323 769 ad
1344 727 1425 768 illa

166 794 317 835 forsan
352 793 650 834 declinaveris
678 792 940 846 serpentina
972 792 1237 845 deceptione
1266 793 1426 834 sedue-

166 864 257 908 tus,
295 862 542 910 antequam
584 857 868 898 invalescant
906 857 1220 911 perniciosius,
1255 871 1337 899 seu
1380 858 1427 898 in

166 927 413 975 conspectu
449 923 538 963 Dei
581 926 626 962 et
658 922 890 963 hominum
922 922 1116 963 foeteant
1147 923 1346 964 deterius
1382 926 1428 963 et

167 991 450 1041 putrescant,
485 987 661 1029 resilire
703 988 903 1040 penitus,
946 987 1178 1040 pedesque
1222 992 1327 1029 tuos
1367 987 1426 1027 ad

168 1054 290 1094 viam
308 1058 496 1102 rectam,
517 1053 615 1094 Deo
631 1052 849 1105 placitam
873 1065 926 1093 ac
943 1052 1034 1093 tuis
1049 1053 1209 1102 statui,
1230 1053 1369 1094 saluti
1382 1058 1429 1094 et

168 1118 329 1160 honori
359 1131 625 1171 congruam,
645 1117 842 1170 dirigere
875 1118 1147 1170 quantocius
1177 1130 1266 1159 non
1302 1123 1428 1171 post-

167 1196 342 1236 ponas;
376 1184 623 1224 eorundem
652 1183 967 1232 cardinalium,
992 1183 1070 1235 qui
1099 1189 1145 1225 te
1168 1188 1431 1236 statumque

168 1254 299 1290 tuum
334 1249 508 1290 sincere
547 1249 759 1301 diligunt,
781 1261 919 1302 super
949 1248 1269 1290 reformatione
1304 1249 1432 1303 pacis

170 1315 287 1356 inter
311 1319 355 1355 te
378 1319 423 1356 et
447 1314 619 1355 dictum
648 1327 800 1366 regem
831 1319 990 1355 mutuo
1011 1314 1228 1368 placabili
1252 1314 1353 1356 Deo
1383 1319 1430 1356 et

170 1380 354 1421 amabili
390 1380 647 1421 hominibus
685 1379 1000 1432 adquiescens.
1071 1379 1268 1422 Videtur
1302 1381 1429 1434 equi-

171 1446 273 1486 dem
316 1444 437 1497 quod
481 1446 521 1486 si
555 1445 694 1486 etiam
725 1444 934 1498 praedicti
969 1445 1219 1486 vicariatus
1259 1446 1433 1487 valeret

172 1510 367 1552 officium
400 1510 638 1562 assignari,
672 1510 821 1551 adhuc
855 1514 1007 1551 tamen
1042 1515 1187 1559 tuum,
1219 1511 1298 1564 qui
1338 1516 1431 1552 tam

172 1588 368 1628 magnus
392 1580 638 1628 tantusque
662 1588 745 1616 rex
767 1580 812 1616 et
832 1575 1044 1629 princeps
1075 1576 1255 1626 existis,
1280 1581 1431 1618 tanto-

174 1654 262 1694 que
286 1641 467 1682 nomine
494 1653 549 1682 ac
580 1640 717 1681 titulo
746 1640 873 1694 regio
903 1641 1102 1682 existere
1135 1642 1337 1683 nosceris
1365 1642 1432 1682 in-

174 1707 373 1760 signitus
412 1706 458 1747 in
506 1706 631 1755 orbe,
674 1718 766 1747 non
817 1706 997 1747 deceret
1044 1706 1260 1748 honorem
1311 1707 1433 1760 quod

173 1772 469 1814 nominareris
493 1771 691 1812 vicarius
713 1771 908 1825 alicujus
937 1771 1109 1812 domini
1141 1773 1434 1825 temporalis3

175 1842 348 1891 quanto
372 1837 523 1877 minus
552 1849 662 1888 ergo
697 1841 822 1877 tuam
854 1836 1008 1878 decuit
1030 1837 1102 1878 vel
1128 1837 1259 1879 decet
1282 1837 1436 1878 excel-

174 1903 362 1944 lentiam
385 1902 508 1942 illius
541 1901 762 1943 vicarium
790 1902 1026 1955 appellari,
1046 1902 1136 1955 ·qui
1164 1903 1438 1944 auctoritate

177 1968 319 2017 nulla,
346 1967 466 2008 sicut
499 1966 793 2019 saepedictum
828 1972 900 2007 est
929 1967 1152 2020 superius,
1185 1968 1437 2020 praeminet,

176 2033 272 2082 sed,
296 2032 409 2086 proh
429 2032 587 2073 dolor!
626 2036 857 2073 tantorum
887 2032 1045 2073 existit
1073 2045 1308 2086 respersus
1333 2034 1437 2075 labe

177 2098 430 2147 criminum,
455 2102 640 2150 tamque
667 2098 885 2149 gravibus
922 2097 1071 2150 poenis
1104 2102 1148 2139 et
1182 2099 1437 2148 sententiis,

178 2177 281 2204 cum
340 2163 549 2204 omnibus
606 2162 692 2202 sibi
757 2161 1097 2203 adhaerentibus
1158 2163 1434 2217 implicatus.

178 2228 401 2276 Sciturus,
420 2228 485 2268 fili
510 2227 834 2276 amantissime,
855 2227 977 2280 quod
1002 2228 1042 2268 si
1065 2229 1250 2270 monitis
1269 2230 1437 2271 nostris

178 2293 440 2347 hujusmodi
481 2292 761 2333 salutaribus
793 2291 1080 2345 adquieveris
1116 2306 1219 2334 cum
1258 2294 1435 2343 effectu,

179 2359 262 2400 tibi
306 2358 372 2400 sic
411 2357 608 2411 impulso
651 2361 702 2398 ut
737 2357 923 2399 caderes
973 2371 1159 2400 manum
1192 2359 1438 2412 benignam

178 2425 465 2477 porrigemus
504 2427 727 2476 quantum
758 2436 859 2464 cum
894 2423 994 2464 Deo
1034 2424 1300 2477 poterimus,
1334 2426 1438 2466 sub-

179 2490 436 2539 levantem3
473 2488 589 2529 alias
617 2493 770 2529 autem
804 2501 893 2528 non
922 2489 1173 2541 poterimus
1203 2490 1440 2541 desistere,

179 2567 281 2595 cum
305 2554 351 2594 id
373 2567 401 2595 a
427 2553 557 2594 nobis
585 2553 743 2605 exigat
776 2552 971 2594 officium
1004 2554 1271 2607 apostolicae
1296 2556 1442 2598 servi„

181 2620 308 2669 tutis,
347 2619 588 2673 quominus
631 2630 769 2673 super
805 2618 1035 2672 praedictis
1096 2620 1336 2674 providere
1386 2622 1443 2663 de

181 2685 451 2738 opportunis
482 2684 705 2733 remediis,
738 2683 1025 2738 procedendo
1052 2690 1213 2728 contra
1234 2691 1296 2736 te,
1317 2686 1441 2741 quod

183 2750 422 2791 molestum
475 2754 522 2790 et
572 2762 716 2802 grave
777 2750 907 2791 nobis
959 2750 1045 2791 erit
1103 2751 1361 2802 admodum,
1404 2753 1444 2794 si
