2004 3272
535 313 593 355 16
1033 319 1313 352 cnnomcon

339 437 458 463 mnu
472 437 498 463 ¹-
536 439 695 468 corum
713 425 855 467 locuti
870 424 1055 466 fuerant
1067 429 1115 465 et
1130 424 1440 478 promiserant
1459 435 1510 464 se
1524 422 1628 477 ejus
1646 427 1799 476 potes·

339 470 419 496 “¹'‘
433 471 509 496 '¹⁸‘
538 493 625 534 tati
643 491 809 546 subjici
830 490 948 532 vene
967 502 1051 531 nec
1074 490 1121 530 in
1143 489 1234 531 fide
1255 490 1378 543 regis
1400 488 1586 542 Angliae
1606 487 1800 530 ulterius

537 569 820 612 permanere,
840 555 1065 611 quosdam
1088 555 1198 597 fecit
1216 556 1348 609 equis
1371 554 1511 605 trahi,
1531 559 1579 595 et
1599 554 1799 608 majoroe

537 629 650 664 natu
684 627 895 664 auctores
931 621 1116 663 sceleris
1146 620 1344 662 sublatis
1377 620 1515 674 lignis
1549 620 1607 662 de
1640 632 1799 662 eorum

537 688 748 730 domibus
785 688 834 729 in
866 686 1031 742 plateis
1051 686 1195 742 jussit
1214 686 1449 740 suspendi,
1480 686 1800 739 stabilivitque

539 760 684 796 totam
709 753 993 795 Vasconiam
1022 753 1072 794 in
1098 765 1212 806 pace
1238 765 1351 800 sua;
1385 757 1433 794 et
1461 756 1633 793 extunc
1655 751 1801 792 inter-

539 819 694 874 posuit
723 824 880 873 partoe
908 831 1019 860 suas
1050 818 1171 860 inter
1201 830 1334 871 reges
1367 817 1700 867 discordantes,
1726 829 1802 858 re-

539 899 644 938 gem
682 886 857 927 scilicet
893 884 1118 934 Franciae,
1154 884 1398 938 Hispaniae
1434 890 1480 925 et
1511 883 1799 936 magonam,

539 953 608 993 ita
639 951 817 993 scilicet
842 950 966 1005 quod
1000 962 1079 991 eos
1111 950 1170 991 ad
1200 950 1369 991 bonum
1398 950 1526 1004 pacis
1561 954 1609 990 et
1633 949 1800 1002 quietis

539 1016 717 1063 allexit,
739 1016 1022 1070 redemitque
1049 1015 1269 1058 Cal-olum
1299 1016 1553 1070 principem
1581 1014 1639 1056 de
1672 1014 1802 1055 Mur-

539 1095 619 1124 reo
650 1082 1039 1135 consanguineum
1077 1094 1212 1123 suum
1241 1094 1271 1123 a
1301 1094 1484 1123 carcere
1519 1081 1642 1134 regis
1678 1078 1800 1121 Ara-

540 1161 731 1201 gonnm,
760 1148 874 1189 data
903 1147 1099 1201 pecunia
1130 1160 1221 1189 non
1254 1146 1434 1188 modica
1453 1146 1485 1195 ;¹
1510 1147 1590 1200 qui
1615 1145 1801 1200 quidem

368 1223 470 1251 um.)
541 1213 738 1255 Carolus
766 1214 813 1254 in
847 1226 969 1254 anno
996 1214 1206 1267 sequenti
1237 1213 1360 1266 apud
1394 1212 1594 1254 Rectam
1620 1224 1650 1252 a
1675 1224 1798 1265 papa

540 1278 737 1320 Nicolao
762 1278 851 1320 IV.
871 1278 1002 1330 regni
1027 1277 1288 1319 Jerusalem
1320 1282 1368 1319 et
1399 1277 1566 1320 Siciliae
1586 1276 1800 1318 diadema

538 1344 757 1397 suscepit,
778 1348 886 1396 post
907 1344 1082 1384 obitum
1117 1344 1240 1396 regis
1270 1343 1438 1384 Siciliae
1469 1342 1626 1385 Caroli
1654 1343 1801 1396 patris

538 1410 626 1451 sui.
697 1408 912 1450 Moratus
930 1413 1000 1450 est
1021 1409 1179 1462 itaque
1202 1422 1283 1450 rex
1318 1410 1368 1450 in
1402 1408 1612 1463 partibus
1645 1413 1799 1450 trans-

539 1475 728 1516 marinis
748 1488 829 1528 per
850 1480 944 1516 trae
967 1487 1112 1516 annos
1141 1474 1235 1516 sere
1255 1475 1516 1524 continuos,
1534 1480 1581 1516 et
1600 1474 1708 1516 inde
1725 1487 1798 1516 re-

540 1553 700 1582 versus
718 1541 765 1581 iu
787 1540 1003 1593 Angliam
1025 1540 1203 1582 audivit
1225 1541 1533 1594 querimonias
1552 1539 1723 1582 multas
1742 1540 1800 1583 de

534 1606 808 1661 justiciariis
839 1607 952 1656 suis,
971 1607 1139 1660 quibus
1172 1606 1404 1660 inquisitis
1433 1612 1480 1648 et
1499 1606 1698 1659 cognitis
1726 1607 1799 1660 ip-

325 1686 512 1711 suum:
541 1685 644 1716 sum
665 1673 910 1726 capitalem
924 1672 1234 1727 justiciarium
1262 1686 1397 1714 suum
1415 1661 1650 1714 dominum
1671 1671 1799 1714 'rho-

324 1719 523 1783 ἓὲτῦἶῗιῖῗιι
540 1750 662 1779 mam
690 1738 748 1779 de
767 1738 996 1792 Weyland
1020 1743 1243 1792 perpetuo
1272 1738 1500 1788 exulavit,
1520 1743 1569 1779 et
1595 1732 1797 1791 reliquos

375 1786 472 1813 (ΗΜ
539 1803 641 1858 ejus
661 1805 899 1845 consocios
930 1805 1124 1858 pecunia
1157 1804 1399 1846 mulctavit
1428 1804 1631 1858 copiosa„
1657 1804 1798 1858 depo-

538 1870 723 1923 suitque
744 1875 956 1924 potentes
979 1870 1037 1911 de
1058 1870 1167 1912 sede
1190 1876 1239 1911 et
1257 1870 1490 1912 exaltavit
1512 1870 1725 1912 humiles.

1028 1999 1141 2042 obsit
1162 2001 1307 2056 Papa.

325 2113 493 2139 sunm
603 2097 742 2139 Anno
788 2098 975 2139 Domini
1014 2109 1362 2139 mcccxxxvn.
1399 2099 1515 2140 obiit
1562 2098 1801 2140 Honorius

325 2157 472 2182 Acoeoeion
485 2156 518 2181 d

325 2189 502 2215 mmmm
539 2176 658 2217 papa
675 2162 717 2214 ;“3
761 2164 836 2204 cui
878 2164 1104 2205 successit
1146 2164 1372 2205 Nicolaus
1416 2163 1507 2206 lv.
1542 2164 1601 2206 de
1637 2164 1801 2207 ordine

541 2229 756 2270 Fratrum
781 2229 1033 2279 Minorum,
1058 2230 1181 2283 quod
1206 2230 1391 2284 quidem
1410 2242 1577 2272 nomen
1608 2231 1801 2273 sortitus

537 2300 623 2343 est,
647 2299 726 2335 ‘ut
763 2294 987 2344 dicitur,’³
1013 2296 1137 2349 quod
1162 2297 1212 2337 in
1237 2296 1435 2351 juvenili
1464 2301 1603 2338 aetate
1637 2290 1801 2338 beatus

586 2433 595 2451 ¹
621 2433 763 2466 Charles
807 2433 861 2466 11.
900 2434 1060 2466 obtained
1099 2435 1153 2466 his
1184 2435 1378 2474 Thursday,
1408 2435 1506 2474 April
1536 2437 1571 2474 3,
1600 2438 1699 2475 1387,
1733 2437 1801 2468 and

538 2479 684 2511 freedom
715 2482 750 2511 in
782 2479 975 2512 November
1004 2483 1103 2520 1288,
1130 2491 1153 2512 a
1185 2490 1259 2512 was
1282 2481 1475 2512 suoeeeded
1496 2482 1541 2520 by
1558 2481 1700 2512 Nicolas
1715 2483 1801 2521 1V.;

538 2535 614 2556 sum
652 2526 691 2558 οἰ
731 2528 852 2564 30,οω
893 2526 1010 2558 marks
1051 2527 1154 2567 being
1185 2526 1801 2568 (Jemnimo‚aCardinalandBisbop

539 2571 663 2611 agreed
686 2582 729 2603 on
744 2572 829 2603 with
842 2572 1019 2612 Alphonso
1039 2572 1079 2603 of
1088 2574 1152 2603 Ar·
1185 2573 1224 2604 ot’
1236 2572 1458 2613 Palem-ing)
1477 2573 1623 2613 elected,
1647 2574 1803 2614 Snndny,

540 2626 642 2656 agon
666 2627 705 2649 as
727 2618 781 2649 his
805 2627 959 2657 ιιιιωιιις
987 2619 1057 2650 and
1079 2628 1153 2650 was
1186 2619 1431 2659 Februa-51⁵,
1452 2620 1801 2659 lmandcmwned

541 2664 695 2694 crowned
726 2664 818 2704 King
852 2664 1800 2698 onmesothoftheaendornrdofthesame

542 2708 638 2746 May.
661 2710 694 2739 in
720 2710 775 2740 the
800 2710 974 2751 following
998 2721 1094 2750 mr,
1117 2716 1154 2742 at
1186 2710 1313 2743 mouth.

544 2754 645 2791 Rieti,
661 2756 694 2784 in
708 2756 764 2786 the
779 2756 891 2796 duchy
907 2757 946 2788 of
955 2757 1105 2797 Spoleto.
1236 2755 1251 2776 ⁸
1270 2758 1280 2774 ‘
1292 2761 1325 2788 et
1349 2756 1475 2788 dicitnr
1496 2758 1562 2796 eo,'
1584 2758 1686 2790 MSS.
1711 2759 1800 2791 coll.

589 2799 602 2816 ³
626 2800 718 2839 Pope
769 2801 940 2834 Honorius
987 2803 1069 2835 died
1110 2813 1153 2834 on
1186 2803 1559 2836 Amandcooe'rib.
