1992 3202
480 277 706 308 WALTEm
741 277 803 307 DE
835 278 1210 308 HEMINGBURGH.
1404 266 1463 308 93

198 382 378 435 erisque
413 381 458 422 in
494 382 789 435 opprobrium
830 382 1083 432 nationum,
1121 387 1167 423 et
1200 381 1463 434 cognationi
1498 395 1617 420 Edu-ard
1631 396 1655 421 1.

198 452 290 488 tuae
311 448 358 488 in
380 448 697 489 scandalum.’'
759 448 966 500 Cumque
988 448 1252 502 corripienti
1274 461 1362 488 non
1383 447 1462 488 ad-

197 514 466 566 quiesceret,
499 514 656 555 eadem
694 518 827 555 nocte
864 514 1061 555 latenter
1090 513 1295 563 recessit,
1327 513 1462 555 relin-

197 592 341 632 quens
363 580 515 620 omnia
545 584 733 633 propter
757 593 958 621 amorem
983 580 1161 621 dilectae
1188 579 1390 620 mulieris
1415 584 1460 621 et

199 645 316 686 forte
335 646 602 687 meretricis.
665 646 807 687 Mane
838 651 988 686 autem
1012 645 1135 687 facto
1164 646 1262 699 ipse
1281 645 1461 687 Willel-

197 724 299 752 mus
342 711 483 753 frater
525 711 625 765 ejus
667 711 945 764 significavit
987 712 1084 764 regi
1131 712 1285 752 omnia
1321 712 1463 753 verba

197 776 311 827 haec,
334 790 503 830 rogans
528 777 751 818 auxilium
783 777 871 819 sibi
901 777 1022 817 mitti
1043 790 1100 818 ne
1132 777 1250 818 forte
1274 777 1459 818 venien-

198 847 267 883 tes
308 842 460 884 hostes
500 842 724 883 violenter
759 843 818 882 ab
856 855 911 883 eo
948 846 1150 884 castrum
1186 843 1461 896 abriperent.

1490 428 1524 452 A.
1536 428 1571 453 D.
1587 429 1661 454 1296.

199 908 407 961 Moxque
448 921 530 949 rex
575 921 714 948 unum
761 907 1067 948 millenarium
1106 907 1297 949 militem
1339 909 1464 950 misit
1481 927 1589 957 Abody
1603 926 1635 951 or

198 986 301 1014 cum
339 973 462 1014 mille
493 973 620 1023 viris,
657 973 734 1026 qui
771 986 874 1014 cum
918 973 964 1014 in
995 977 1129 1014 nocte
1165 974 1376 1027 sequenti
1418 975 1464 1015 in

196 1039 307 1080 villa
323 1039 378 1080 de
400 1043 412 1061 ‘
425 1038 705 1080 Prestefen'¹
723 1043 1046 1092 pernoctarent
1064 1038 1176 1079 nihil
1191 1039 1298 1080 mali
1316 1041 1463 1094 suspi-

197 1110 372 1155 cantes,
402 1118 506 1146 ecce
536 1105 752 1146 seductor
779 1105 858 1146 ille
890 1105 1124 1146 Robertus
1155 1119 1256 1146 cum
1291 1106 1463 1159 populo

197 1170 438 1213 Scotorum
474 1172 553 1224 qui
575 1176 707 1212 erant
737 1171 781 1212 in
807 1171 1021 1225 praesidio
1044 1171 1184 1212 castri
1208 1171 1263 1212 de
1284 1171 1465 1213 Rokes-

196 1237 344 1290 burgh
386 1238 583 1278 latenter
624 1237 826 1286 veniens,
879 1241 1024 1278 totam
1080 1237 1268 1278 eandem
1307 1238 1465 1279 villam

198 1303 482 1345 clandestino
507 1303 827 1353 circumduxit,
851 1303 1162 1356 dederantque
1185 1304 1364 1356 signum
1389 1304 1458 1344 in-

197 1373 269 1409 ter
301 1382 350 1410 se
378 1370 417 1410 si
441 1369 557 1411 forte
579 1369 626 1410 in
648 1381 895 1421 congressu
921 1382 1023 1410 cum
1054 1367 1265 1422 Anglicis
1285 1369 1465 1411 dubita-

198 1441 324 1476 retur
355 1435 413 1476 ab
447 1435 602 1488 aliquo
635 1435 738 1488 quis
770 1435 950 1476 futurus
985 1439 1104 1476 esset
1139 1434 1366 1488 Anglicus
1390 1435 1464 1477 vel

198 1501 300 1553 quis
321 1501 501 1550 Scotus,
519 1505 570 1541 ut
590 1499 787 1553 Anglice
808 1500 978 1542 diceret
1001 1500 1232 1550 dubitans,
1249 1500 1463 1542 “Tabar-

197 1565 379 1616 dum‚”2
403 1565 790 1620 responderetque
817 1566 975 1607 statim
998 1566 1116 1607 alter
1139 1569 1168 1587 “
1186 1567 1464 1619 super—tuni-

198 1645 296 1673 cam
341 1632 415 1674 vel
457 1631 623 1686 equo,''
660 1636 706 1673 et
740 1632 820 1685 qui
853 1636 1013 1673 mutuo
1049 1632 1115 1672 sic
1154 1644 1243 1672 non
1282 1644 1464 1685 respon-

197 1698 356 1740 derent
385 1711 469 1752 pro
495 1703 620 1740 certo
651 1697 897 1739 haberetur
927 1697 1049 1751 quod
1080 1702 1233 1739 essent
1265 1696 1462 1750 Anglici,

198 1770 243 1805 et
280 1765 347 1806 sic
377 1770 523 1806 morte
558 1764 788 1818 plectendi
820 1768 868 1805 et
900 1763 1173 1805 trucidandi.
1247 1763 1463 1817 Datoque

199 1831 331 1884 signo
371 1835 417 1872 et
454 1830 736 1872 circumdata
765 1829 891 1880 villa,
925 1829 1162 1883 confestim
1194 1829 1347 1882 ignem
1380 1843 1462 1884 ap-

200 1901 468 1950 posuerunt,
502 1896 839 1938 conclamantes
870 1896 928 1937 ad
959 1896 1154 1937 invicem
1187 1896 1235 1936 in
1269 1900 1464 1937 mortem

200 1962 472 2016 Anglorum.
535 1962 793 2015 Stupefacti
834 1962 992 2015 itaque
1035 1961 1180 2003 nostri
1226 1966 1273 2002 et
1316 1963 1463 2003 nesci-

199 2033 328 2070 entes
352 2041 444 2082 qua
470 2033 601 2082 parte
633 2028 927 2077 diverterent,
959 2031 1119 2068 mutuo
1153 2039 1202 2067 se
1230 2027 1466 2068 caedebant

200 2099 245 2135 et
286 2094 343 2135 ad
387 2095 582 2135 invicem
621 2098 902 2135 corruerunt.
987 2092 1286 2134 Centenarius
1326 2093 1464 2134 etiam

202 2159 512 2214 Clyvelandiae
529 2173 632 2200 cum
648 2159 818 2200 multos
833 2171 882 2199 se
897 2157 1181 2199 defendendo
1196 2159 1466 2211 peremisset

200 2225 387 2267 tandem
417 2231 464 2267 et
486 2226 584 2278 ipse
612 2225 798 2266 corruit.
870 2223 1160 2264 Millenarius
1187 2236 1293 2265 vero
1318 2225 1463 2275 miles,

200 2292 380 2333 amissis
425 2291 556 2345 equis
593 2295 639 2332 et
678 2290 833 2340 armis,
874 2302 976 2330 cum
1023 2288 1290 2331 difficultate
1329 2290 1462 2343 fugit.

201 2357 343 2399 Multi
379 2358 499 2398 enim
541 2369 599 2397 ex
639 2356 810 2398 nostris
853 2368 955 2396 cum
999 2368 1058 2396 ex
1097 2355 1463 2409 frequentatione

199 2424 339 2464 nimia
369 2423 639 2477 praedictum
669 2422 848 2475 signum
880 2421 1204 2474 cognovissent
1231 2421 1343 2462 illud
1374 2422 1464 2463 fre-

200 2494 473 2544 quentantes
510 2501 612 2530 cum
653 2488 756 2529 aliis
791 2487 960 2529 salvati
995 2492 1114 2535 sunt,
1159 2499 1240 2540 per
1277 2500 1465 2542 campos

199 2556 454 2609 fugientes;
492 2554 710 2608 ductique
742 2560 851 2595 sunt
886 2553 1058 2607 captivi
1094 2552 1236 2607 aliqui
1275 2553 1333 2594 ad
1369 2566 1464 2595 cas-

247 2731 257 2750 ¹
280 2733 291 2750 ‘
304 2732 503 2773 Prestfren‚'
519 2732 596 2765 MS.
613 2731 703 2764 Cott.
715 2731 794 2763 Tib.
852 2730 986 2762 scribed
1043 2730 1088 2770 by
1128 2730 1248 2770 Strutt,
1292 2730 1468 2770 Complete

247 2776 261 2797 ²
281 2779 428 2819 Tabard,
439 2788 460 2810 a
471 2782 547 2810 coat
557 2788 595 2809 or
610 2778 748 2819 manue,
759 2778 818 2809 de·
854 2778 953 2809 View
969 2777 1007 2808 of
1017 2777 1074 2808 the
1093 2776 1213 2817 Dress,
1229 2777 1290 2808 διο.
1307 2777 1343 2809 ii.
1362 2779 1435 2809 151.

1482 960 1602 991 English
1615 967 1663 984 are

1481 993 1633 1025 surprised.
