2038 3306
546 293 632 335 374
1041 304 1319 347 οΗιιοΝιοοΝ

331 420 451 446 numa
471 419 529 446 111.
548 407 637 462 ipsi
658 406 961 461 parliamento
990 406 1296 449 interfuerunt
1325 408 1560 461 praedicto,
1581 407 1700 449 sicut
1737 407 1806 448 iu-

332 453 521 534 Ttxrffil'
549 478 722 515 teresse
764 473 947 513 minime
982 473 1271 522 tenebantur,
1311 485 1394 514 nec
1435 486 1707 515 consensum
1748 472 1806 514 ad

332 541 529 605 gigffigggm
550 538 685 580 dictae
711 550 844 579 nonae
881 537 1104 591 portionis
1138 538 1480 591 praestationem
1515 539 1808 592 aliquatenus

333 607 516 671 'gssffiffsh‘'
551 605 876 658 praebuerunt3
927 603 983 644 de
1029 603 1258 644 contrario
1302 607 1349 644 et
1397 603 1541 657 aliqui
1589 604 1807 645 malitiosi

334 673 461 699 11⁰¹¹d0¹¹·
552 670 756 710 nituntur
777 682 805 710 a
836 668 1042 722 praelatis
1062 673 1110 710 et
1133 668 1362 722 aliquibus
1386 668 1625 722 religiosis,
1648 669 1727 722 qui
1749 669 1808 710 ad

551 734 826 776 solutionem
847 734 984 788 hujus
1001 747 1133 775 nonae
1155 734 1488 787 astringuntur,
1510 740 1672 775 contra
1694 746 1812 787 prae-

551 800 675 841 dicta
697 800 917 841 decimam
938 800 1123 853 exigere
1153 805 1463 841 memoratam.
1534 798 1649 840 Cum
1670 799 1813 852 igitur

551 865 663 906 nihil
684 866 833 919 magis
857 865 1070 918 congruit
1092 865 1304 906 humanae
1328 865 1447 914 fidei,
1470 877 1609 917 quam
1631 877 1686 906 ea
1707 877 1812 919 quae

539 931 808 985 placuerint
854 931 973 972 inter
1024 935 1178 985 partes
1229 930 1423 971 fideliter
1468 931 1712 980 custodire,
1756 943 1811 972 ac

552 997 718 1050 gratia,
740 1009 842 1050 quae
875 996 932 1037 de
955 996 1243 1038 concedentis
1274 996 1558 1049 benignitate
1589 995 1811 1049 procedit,

551 1063 844 1116 recipientem
873 1062 1109 1103 evidenter
1130 1061 1279 1103 reddit
1304 1062 1532 1114 ingratum
1556 1062 1595 1102 si
1622 1062 1813 1103 vertitur

552 1127 600 1168 in
621 1128 829 1177 abusum,
850 1132 931 1168 aut
953 1127 1276 1168 dominationis
1298 1127 1540 1179 frugalitas
1571 1126 1813 1168 deducitur

555 1192 600 1233 in
639 1192 836 1242 irrisum,
878 1192 999 1245 quod
1041 1205 1131 1233 non
1175 1197 1389 1233 contenta
1428 1192 1522 1232 suis
1565 1191 1730 1233 finibus
1763 1192 1812 1234 in

554 1256 767 1299 donantis
788 1257 995 1299 extendit
1025 1257 1256 1298 laesionem
1274 1270 1284 1298 :
1318 1269 1496 1298 necnon
1516 1257 1556 1298 si
1576 1258 1813 1310 praemissa

554 1323 620 1363 sic
655 1323 830 1372 fierent,
865 1326 878 1344 ‘
896 1321 1180 1376 clerusque’¹
1213 1335 1305 1363 non
1336 1334 1554 1364 concessa
1581 1328 1812 1376 potestate

554 1386 707 1429 laicali
752 1388 1115 1442 compelleretur,
1156 1388 1278 1441 quod
1327 1389 1463 1438 absit,
1511 1388 1558 1429 in
1607 1389 1814 1430 ecclesiae

556 1458 728 1495 sanctae
749 1458 795 1495 et
816 1454 925 1495 cleri
954 1453 1270 1508 praejudicium
1298 1459 1572 1507 perpetuum
1594 1466 1648 1496 ac
1668 1455 1813 1496 mani-

557 1519 724 1560 festum
766 1532 1031 1572 gravamen,
1073 1519 1204 1561 vobis
1247 1520 1293 1560 in
1330 1521 1503 1561 virtute
1543 1520 1815 1562 obedientiae

558 1584 749 1626 firmiter
795 1585 1074 1639 injungendo
1127 1586 1395 1626 mandamus
1444 1591 1671 1639 quatenus
1710 1598 1814 1627 cum

558 1651 729 1691 abusus
772 1655 868 1692 tam
911 1651 958 1692 in
997 1651 1200 1693 ecclesiae
1239 1655 1412 1692 sanctae
1446 1651 1536 1692 Dei
1567 1652 1813 1705 perniciem

559 1727 695 1768 quam
746 1716 948 1758 virorum
1008 1716 1418 1758 ecclesiasticorum
1472 1717 1815 1758 subversionem

558 1780 717 1822 tendat
746 1782 877 1823 bonae
912 1782 1018 1823 fidei
1049 1782 1308 1832 occultatae,
1329 1795 1495 1823 nonam
1515 1796 1666 1824 rerum
1700 1796 1815 1836 prae·

558 1845 783 1888 dictarum
805 1848 862 1888 ab
886 1847 978 1888 illis
998 1848 1108 1889 viris
1141 1847 1461 1889 ecclesiasticis
1485 1849 1564 1901 qui
1593 1847 1815 1890 decimam

558 1912 841 1964 praedictam,
867 1912 1008 1967 juxta
1051 1914 1388 1954 concessionem
1434 1913 1711 1968 hujiismodi‚
1752 1919 1817 1956 te-

557 1983 724 2018 nentur
741 1978 918 2019 solvere
940 1978 1063 2019 dicto
1078 1978 1262 2019 domino
1287 1984 1443 2020 nostro
1465 1980 1577 2032 regi,
1594 1980 1814 2021 decimam

558 2056 667 2084 vero
704 2044 762 2085 ab
794 2043 896 2085 aliis
937 2045 1046 2086 viris
1084 2044 1404 2085 ecclesiasticis
1438 2046 1516 2098 qui
1551 2045 1610 2087 ad
1648 2058 1815 2087 nonam

556 2108 820 2162 praedictam
852 2109 997 2152 eidem
1027 2109 1211 2151 domino
1236 2115 1394 2151 nostro
1416 2111 1513 2164 regi
1533 2110 1815 2162 solvendam,

560 2179 610 2215 ut
630 2175 935 2227 praemittitur,
963 2176 1154 2225 astricti,
1187 2176 1313 2228 exigi
1334 2176 1408 2217 vel
1429 2177 1573 2218 levari
1591 2177 1638 2217 in
1660 2182 1817 2220 vestra

560 2239 867 2282 Londoniensi
901 2241 1088 2283 dioecesi
1119 2241 1379 2283 nullatenus
1414 2243 1706 2295 permittatis,
1736 2242 1817 2284 sed

559 2310 798 2348 exactores
818 2306 1095 2361 hujusmodi,
1121 2307 1160 2348 si
1189 2320 1354 2348 nonam
1376 2308 1451 2349 vel
1485 2307 1706 2349 decimam
1740 2305 1817 2350 Su-

559 2372 813 2424 pradictam
845 2373 903 2414 ab
938 2372 1197 2427 hujusmodi
1228 2373 1338 2414 viris
1372 2373 1691 2415 ecclesiasticis
1726 2374 1817 2416 alio

560 2438 695 2478 modo
719 2451 858 2491 quam
879 2439 1172 2492 praemittitur
1194 2440 1450 2492 exegerint,
1483 2452 1564 2493 per
1587 2452 1816 2493 quascun-

561 2516 648 2556 que
669 2517 885 2546 censuras
906 2505 1241 2546 ecclesiasticas
1265 2506 1483 2546 canonice
1515 2506 1816 2559 compellatis.

563 2568 698 2620 Quod
729 2570 768 2611 si
791 2576 1030 2612 exactores
1061 2570 1337 2625 hujusmodi,
1359 2571 1678 2612 ecclesiasticis
1708 2584 1818 2613 con—

564 2635 745 2688 temptis
788 2637 1007 2687 censuris,
1047 2637 1179 2677 nobis
1219 2648 1379 2690 parere
1417 2649 1509 2678 non
1541 2637 1819 2688 curaverint,

911 2783 921 2803 ¹
947 2785 956 2802 ‘
969 2786 1080 2817 clerus
1096 2785 1164 2826 ad,'
1180 2785 1256 2818 MS.
1275 2786 1375 2819 Harl.
1392 2789 1467 2819 655.
