2038 3306
568 312 656 354 342
1057 323 1336 354 cmcomcon

359 439 477 466 navam
499 438 557 464 111.
575 431 620 468 et
686 438 924 480 quousque
987 426 1182 468 inimicis
1244 427 1412 468 nostris
1481 426 1835 475 obviaverimus,

375 473 411 498 Α
421 472 457 498 D
472 472 546 497 ¹³⁵⁹
575 492 823 545 equitando
854 491 998 533 indies
1039 491 1255 534 festinare
1292 492 1525 543 debemus,
1564 498 1611 534 et
1642 493 1708 534 sic
1741 492 1833 533 vic-

576 558 770 599 tualium
829 557 1157 599 abundantiam
1214 558 1317 599 Deo
1382 558 1582 612 propitio
1637 557 1835 611 reperie-

578 623 724 666 mus.''
792 623 907 664 Dux
949 636 1059 665 vero
1092 623 1337 677 caeterique
1378 628 1634 677 magnates,
1676 622 1833 664 habito

578 689 786 739 consilio,
833 688 1024 730 ulterius
1073 689 1316 744 procedere
1364 702 1498 730 suum
1545 701 1834 742 nequaquam

579 755 675 797 fore
695 754 949 809 proficuum
973 755 1271 796 communiter
1290 755 1408 796 inter
1430 767 1480 796 se
1503 754 1730 796 dicebant.

622 901 688 942 De
709 900 867 942 Litoris
888 901 997 943 inter
1015 900 1236 943 Eaeeroitus
1253 901 1387 943 missis
1401 917 1416 948 ,·
1441 905 1478 943 et
1499 900 1677 956 qualiter
1698 900 1790 942 Rex

774 966 973 1008 Francia:
991 966 1221 1022 Anqlorum
1242 967 1346 1023 Reyi
1367 967 1499 1023 Terqa
1517 966 1644 1009 dedit.

650 1080 822 1122 Eodem
836 1081 909 1122 die
920 1081 1028 1122 dum
1041 1081 1140 1123 haec
1149 1087 1400 1135 *agerentur
1410 1095 1492 1124 rex
1508 1082 1725 1131 Boemiae,
1741 1081 1838 1122 dux

584 1146 914 1199 Lothoringiae,
953 1148 1318 1189 constabularius
1363 1147 1588 1197 Franciae,
1629 1147 1838 1188 dominus

583 1212 639 1252 de
662 1211 708 1252 N
712 1212 795 1261 iez,
819 1212 1041 1254 miserunt
1062 1212 1219 1254 literas
1240 1213 1337 1266 regi
1359 1211 1560 1266 Angliae,
1578 1212 1662 1253 sub
1686 1211 1840 1265 sigillo

584 1276 710 1318 Galli
743 1277 800 1318 de
831 1276 1073 1327 Labasme,
1105 1279 1315 1331 magistri
1351 1278 1691 1320 balistariorum
1716 1278 1839 1331 regis

586 1342 809 1384 Franciae.
879 1343 940 1384 Et
952 1344 1061 1396 quia
1082 1343 1248 1385 Gallus
1271 1343 1518 1398 praedictus
1538 1344 1635 1397 regi
1655 1342 1839 1397 Angliae

584 1413 721 1450 notus
758 1421 849 1450 non
891 1408 1057 1458 fuerat,
1094 1409 1218 1451 misit
1247 1409 1352 1451 illas
1382 1410 1721 1462 consanguineo
1756 1422 1841 1451 suo

585 1474 766 1515 domino
796 1474 989 1527 Hugoni
1019 1475 1075 1516 de
1106 1474 1295 1517 Geneve
1326 1476 1405 1529 qui
1433 1476 1480 1516 in
1512 1475 1716 1517 exercitu
1742 1473 1840 1516 An-

587 1539 768 1592 glorum
787 1553 962 1582 moram
984 1541 1141 1591 traxit,
1162 1542 1246 1583 sub
1268 1541 1353 1582 hac
1377 1541 1538 1583 forma.

652 1605 959 1647 Dilectissime
999 1607 1350 1659 consanguinee,
1391 1606 1548 1648 literas
1593 1618 1719 1647 meas
1759 1605 1841 1648 do·

585 1671 708 1711 mino
727 1671 824 1723 regi
848 1671 1030 1724 Angliae
1059 1672 1442 1714 excellentissimo
1474 1672 1686 1726 scriptas,
1710 1672 1841 1714 vobis

586 1735 862 1787 transmitto,
898 1750 956 1778 ex
995 1737 1130 1779 corde
1166 1750 1335 1791 rogans
1369 1738 1587 1792 quatinus
1619 1750 1678 1779 ex
1708 1743 1842 1791 parte

586 1814 689 1842 mea
722 1802 809 1843 sibi
839 1802 943 1844 illas
976 1807 1255 1856 praesentare
1288 1803 1456 1845 velitis.
1518 1803 1580 1845 Et
1602 1803 1723 1856 quod
1748 1804 1841 1844 ista

586 1879 695 1908 vera
715 1871 825 1908 sunt
847 1867 1056 1910 dominus
1076 1882 1158 1910 rex
1174 1869 1390 1919 Boemiae,
1406 1869 1614 1910 dominus
1633 1869 1689 1910 de
1708 1868 1841 1919 Niez,

586 1932 797 1973 dominus
846 1934 1229 1984 constabularius,
1274 1935 1483 1975 dominus
1528 1934 1841 1987 Lothoringiae

587 1998 696 2039 mihi
732 2011 813 2051 per
847 1999 1004 2040 literas
1033 2012 1142 2041 suas
1175 2004 1317 2041 testes
1349 2000 1498 2042 effecti
1534 2005 1656 2041 sunt.
1745 2000 1843 2042 Do-

587 2064 737 2104 minus
788 2069 944 2105 noster
984 2077 1067 2106 vos
1110 2071 1366 2108 conservet.
1435 2065 1665 2119 Scriptum
1718 2066 1842 2122 apud

373 2144 491 2170 oct.1⁷.
588 2128 807 2170 Sanctum
832 2129 1104 2181 Quintinum
1130 2141 1253 2173 xv11.
1276 2131 1348 2173 die
1373 2131 1601 2173 Octobris.

372 2209 433 2234 Tne
446 2209 553 2234 menen
656 2195 813 2237 Litera
865 2208 974 2237 vero
1026 2210 1109 2250 per
1179 2197 1451 2249 magistrum
1502 2196 1842 2238 balistariorum

373 2242 531 2306 ἷιῗὲῃὲιῗξιῖε
534 2276 552 2300 h
587 2259 843 2313 Anglorum
864 2262 963 2314 regi
984 2262 1174 2312 directa,
1198 2263 1305 2304 talis
1327 2268 1441 2305 erat.

374 2311 401 2332 ‘⁰
414 2315 430 2333 ³
443 2308 538 2334 ''m‘'
653 2326 1029 2368 Trementissime
1042 2328 1240 2378 domine,
1253 2329 1473 2370 noveritis
1489 2328 1612 2381 quod
1631 2307 1842 2369 dominus

584 2404 712 2432 meus
731 2405 812 2433 rex
837 2392 1046 2434 Franciae
1076 2393 1186 2434 mihi
1211 2394 1258 2434 in
1298 2394 1541 2447 praeceptis
1571 2394 1695 2436 dedit
1719 2394 1841 2448 quod

583 2457 712 2498 vobis
754 2458 871 2499 scire
911 2458 1078 2500 faciam
1121 2459 1243 2512 quod
1288 2472 1410 2512 saepe
1451 2460 1509 2501 ad
1555 2473 1689 2501 aures
1732 2472 1841 2500 suas

583 2523 789 2574 pervenit
820 2524 940 2576 quod
971 2525 1141 2578 ubique
1175 2525 1328 2578 palam
1360 2538 1443 2566 vos
1479 2525 1644 2575 facitis,
1674 2525 1714 2565 si
1753 2525 1842 2566 sci·

584 2589 693 2629 retis
736 2589 887 2642 ipsum
932 2590 1095 2631 debere
1135 2591 1209 2631 vel
1265 2591 1404 2631 etiam
1443 2590 1559 2631 velle
1606 2590 1841 2632 vobiscum

583 2666 785 2706 pugnam
806 2655 935 2705 inire,
961 2659 972 2677 ‘
992 2652 1087 2696 xv!
1104 2654 1116 2676 ¹
1131 2656 1291 2697 diebus
1315 2661 1396 2698 aut
1426 2661 1550 2697 certe
1574 2656 1841 2709 septimanis

678 2802 685 2821 ¹
708 2805 718 2822 ‘
732 2806 827 2839 xvii.’
843 2806 945 2840 MSS.
962 2805 1051 2839 Cott.
1070 2807 1161 2838 Nero
1178 2807 1224 2839 D.
1239 2807 1290 2847 ii„
1305 2807 1371 2839 aud
1387 2807 1573 2840 Coll.Trin.
1591 2807 1634 2839 R.
1650 2810 1682 2847 5,
1700 2809 1751 2838 10.
