2038 3306
337 461 454 486 Edward
467 462 491 488 1.

314 494 348 518 Α.
363 494 396 519 Ι).
412 495 512 520 1270-

376 528 451 553 1282.

314 582 434 614 Dispute

313 616 447 648 touching
464 617 512 643 the

313 648 456 675 visitation
468 651 499 675 os

312 682 361 706 the
369 682 512 715 Bishoprie

315 716 346 741 of
355 715 491 742 Durham.

523 334 611 375 220
1011 345 1286 375 cnaomcou

527 449 896 503 archiepiscopus
927 450 1005 491 sed
1038 455 1258 504 tanquam
1288 451 1546 504 episcopus,
1578 463 1631 492 eo
1663 451 1784 504 quod

528 521 706 569 tempus
729 516 984 557 vacationis
1000 517 1256 569 pertinebat
1276 517 1332 557 ad
1352 530 1454 558 eum
1471 518 1516 558 in
1537 517 1783 570 spirituali-

530 586 637 623 tate.
706 580 772 623 At
803 581 868 622 illi
897 582 1229 635 responderunt
1256 583 1313 632 ei,
1335 583 1457 635 quod
1478 583 1626 636 parati
1654 590 1785 624 erant

528 660 630 688 eum
655 646 896 688 admittere
920 647 1168 689 secundum
1199 648 1427 701 quandam
1451 648 1639 689 formam
1665 649 1784 690 inter

527 713 652 766 ipsos
673 718 718 754 et
740 713 965 766 quendam
983 713 1234 755 Ricardum
1265 713 1307 754 le
1333 713 1519 762 Pover‚¹
1547 714 1781 767 quondam

529 779 885 820 Dunolmensem
904 780 1182 833 episcopum,
1199 779 1376 829 initam,
1395 778 1517 837 (quae
1537 780 1640 829 fuit,
1661 780 1781 833 quod

527 858 630 885 cum
655 858 747 886 uno
775 845 874 887 solo
898 846 1062 887 clerico
1083 845 1313 898 visitaret)
1350 859 1432 899 pro
1456 859 1506 886 se
1533 850 1579 886 et
1605 858 1786 886 succes·

527 912 704 952 soribus
738 912 849 962 suis,
883 917 928 953 et
959 911 1074 953 alias
1110 924 1216 953 non.
1288 910 1396 962 Qui,
1428 910 1564 965 hujus
1600 925 1786 965 compo-

526 977 703 1018 sitionis
734 978 967 1030 ignorans,
999 978 1124 1019 venit
1158 977 1342 1027 ibidem,
1378 982 1424 1019 et
1455 978 1587 1031 petiit
1623 991 1671 1019 se
1703 978 1783 1019 ad-

528 1043 662 1092 mitti,
693 1049 825 1085 sexto
857 1044 1031 1085 scilicet
1059 1044 1161 1085 idus
1196 1043 1412 1096 Augusti,
1442 1055 1563 1085 anuo
1600 1044 1785 1085 Domini

529 1120 839 1151 M.chxxX11.
928 1109 994 1151 At
1036 1110 1103 1151 illi
1169 1109 1431 1150 clauserunt
1479 1115 1641 1151 contra
1680 1123 1782 1151 eum

527 1179 684 1227 portas
705 1176 845 1225 urbis,
870 1181 915 1216 et
937 1176 983 1216 in
1004 1175 1116 1229 ipsis
1140 1176 1283 1228 portis
1308 1175 1611 1229 appellarunt.
1675 1175 1784 1228 Ipse

528 1253 636 1281 vero
676 1234 921 1294 assumpto'
950 1241 1201 1294 pontificali
1240 1253 1324 1281 suo
1367 1241 1783 1283 excommunicavit

528 1318 622 1355 eOS‚
657 1311 703 1347 et
741 1306 979 1347 ecclesiam
1016 1307 1139 1347 beati
1182 1305 1397 1347 Nicholai
1434 1306 1682 1359 ingressus,
1717 1308 1782 1348 in-

527 1372 649 1424 cepit
674 1372 919 1425 praedicare
949 1372 1070 1414 clero
1101 1377 1147 1413 et
1176 1372 1362 1426 populo,
1386 1372 1541 1428 (erant
1571 1373 1689 1413 enim
1719 1374 1783 1414 ibi

528 1437 725 1491 maiores
762 1438 914 1479 clerici
951 1438 1121 1479 domini
1160 1439 1364 1492 episcopi
1401 1436 1608 1493 mortui,)
1648 1443 1699 1479 ut
1740 1440 1780 1480 ei

528 1504 787 1545 comitivam
815 1504 1032 1546 facerent.
1103 1504 1317 1557 Dumque
1340 1505 1551 1546 sederent
1574 1505 1654 1554 sic,
1675 1518 1781 1547 eccc

529 1568 722 1622 ingressi
742 1575 849 1611 sunt
883 1570 1105 1612 satellites
1132 1571 1264 1611 multi
1297 1583 1399 1611 cum
1425 1571 1589 1623 gladiis
1620 1577 1666 1612 et
1689 1570 1780 1612 sus-

528 1635 664 1685 tibus,
682 1636 886 1677 volentes
902 1648 1062 1677 manus
1076 1636 1308 1689 imponere
1321 1637 1368 1676 in
1383 1636 1601 1677 christum
1620 1637 1779 1678 Domi-

529 1701 591 1750 ni,
614 1714 804 1754 quorum
827 1715 962 1752 unus,
980 1702 1194 1754 Rogerus
1210 1702 1382 1743 scilicet
1396 1698 1585 1752 Macu'n,
1609 1715 1781 1755 praece-

528 1766 639 1807 dens
662 1780 764 1808 cum
786 1768 959 1817 lancea,
979 1769 1231 1809 conabatur
1246 1768 1480 1821 perfodere
1504 1781 1621 1808 eum.
1691 1768 1780 1810 Sed

528 1838 828 1875 surrexerunt
862 1834 1069 1887 praedicti
1101 1834 1268 1883 clerici,
1304 1839 1350 1875 et
1380 1839 1694 1887 opposuerunt
1716 1848 1779 1876 se.

529 1897 659 1939 Inter
698 1912 813 1952 quos
850 1906 948 1942 erat
991 1900 1175 1953 quidam
1210 1900 1420 1941 dominus
1461 1903 1473 1921 ‘
1493 1899 1783 1950 Ricardus,’2

526 1964 773 2017 deputatus
804 1972 958 2007 custos
988 1978 1070 2019 per
1104 1965 1334 2006 dominum
1379 1978 1531 2018 regem
1576 1966 1625 2006 in
1665 1972 1779 2008 tem·

527 2030 760 2082 poi-alibus
778 2032 985 2072 vacantis
1005 2032 1314 2085 episcopatus,
1336 2032 1414 2085 qui
1438 2031 1518 2081 ait,
1540 2035 1569 2054 “
1588 2031 1780 2074 Inhibeo

528 2096 656 2136 vobis
690 2109 749 2138 ex
780 2101 912 2151 parte
942 2098 1111 2138 domini
1141 2098 1278 2151 regis,
1312 2098 1397 2138 sub
1429 2110 1568 2150 poena
1597 2098 1706 2139 vitae
1733 2103 1780 2140 et

526 2163 845 2213 membrorum,
871 2176 926 2204 ne
951 2164 1053 2217 quis
1071 2169 1272 2206 vestrum
1298 2164 1466 2205 audeat
1486 2176 1670 2204 manum
1695 2177 1777 2205 ex—

526 2228 707 2269 tendere
751 2229 823 2270 vel
869 2242 1032 2271 nocere
1083 2230 1267 2271 domino
1311 2229 1670 2283 archiepiscopo,
1709 2230 1781 2271 vel

525 2293 660 2334 alicui
684 2295 822 2335 etiam
846 2308 904 2336 ex
927 2295 1120 2336 minimis
1133 2295 1275 2338 suis.’'
1344 2295 1566 2348 Misitque
1589 2296 1778 2337 nuncios

525 2359 581 2399 ad
615 2361 810 2412 priorem
842 2366 888 2402 et
911 2361 1174 2411 monachos,
1200 2361 1278 2415 qui
1313 2362 1514 2402 dicerent
1544 2361 1665 2415 quod
1695 2363 1780 2403 sub

524 2437 659 2476 poena
682 2427 984 2468 forisfacturae
1009 2428 1210 2468 omnium
1233 2427 1550 2480 temporalium
1577 2440 1780 2477 suorum,

524 2497 790 2533 revocarent
834 2498 880 2534 et
934 2493 1216 2545 castigarent
1255 2493 1421 2534 stultos
1473 2506 1594 2533 suos.
1687 2493 1779 2543 Qui

523 2556 700 2598 interim
725 2558 964 2599 ecclesiam
986 2559 1173 2611 egressi,
1193 2567 1516 2612 percusserunt
1539 2559 1779 2611 garciones

522 2623 567 2661 in
591 2624 734 2676 equis,
759 2629 804 2665 et
827 2637 905 2665 eos
927 2625 974 2665 in
996 2625 1150 2677 fugam
1169 2628 1506 2665 converterunt.
1562 2624 1779 2666 Mulieres

568 2750 575 2768 ¹
591 2753 673 2783 This
685 2753 818 2793 bishop‚
828 2753 999 2793 generally
1009 2752 1132 2784 known
1167 2753 1222 2783 the
1238 2752 1327 2783 22ud
1344 2752 1382 2782 of
1392 2752 1414 2783 J
1419 2752 1490 2791 uly,
1507 2754 1604 2789 1228,
1619 2753 1685 2783 and
1701 2753 1781 2784 died

519 2807 556 2828 as
573 2798 719 2829 Richard
733 2799 854 2839 Poore,
865 2809 937 2830 was
949 2799 1132 2830 translated
1167 2809 1209 2830 on
1225 2798 1280 2829 the
1298 2798 1374 2828 15th
1391 2797 1428 2829 of
1439 2798 1550 2837 April,
1569 2801 1664 2829 1237.

518 2842 600 2874 from
632 2845 804 2884 Salisbury
838 2850 870 2876 to
906 2845 1059 2876 Durham
1089 2855 1131 2876 on
1213 2841 1225 2860 ²
1247 2845 1258 2862 ⁴
1270 2844 1497 2884 wichardus‚’
1513 2845 1590 2877 MS.
1606 2845 1732 2877 Lansd.
