2038 3306
446 304 673 338 wAm'ssm
706 306 768 336 nn
799 305 1176 338 Hssmmcnunon.
1349 292 1438 339 353

171 407 469 450 reformandis
511 408 670 460 illatis,
711 414 758 452 et
803 410 1124 464 propulsandis
1170 410 1435 459 inferendis,
1454 433 1572 459 Eam„
1596 435 1652 460 m,

171 487 255 529 per
274 487 376 516 eum
398 476 543 526 nobis,
563 476 759 531 injuriis,
781 482 827 518 et
842 477 1026 532 juribus
1052 477 1221 519 nostris
1242 475 1434 518 haeredi-
1462 467 1498 492 A
1512 468 1636 494 ΒΑΜ·

170 541 300 582 tariis
318 542 604 591 obtinendis;
641 546 654 566 ‘
675 541 823 597 quae'¹
846 556 929 598 pro
948 548 1074 585 certo
1097 542 1329 596 negligere
1342 555 1433 584 non
1453 523 1641 589 3225?ssng

170 606 467 659 intendimus,
485 609 565 650 sed
582 621 652 660 ea,
670 610 757 650 nisi
778 609 914 651 aliam
935 609 1056 652 viam
1079 621 1330 663 congruam
1351 615 1434 663 po-
1451 590 1598 650 ‘fi’efiz'l'ict

170 674 406 725 tuerimus,
424 688 756 730 prosequemur
770 689 853 729 pro
869 675 1059 727 viribus,
1076 675 1176 717 Deo
1197 675 1326 718 duce.
1373 675 1435 719 Et

170 739 277 782 licet
295 753 450 783 coram
470 742 732 784 reverendis
757 742 963 796 patribus
985 741 1126 783 Petro
1147 741 1270 783 tituli
1291 741 1434 783 Sauc-

172 810 233 848 tae
279 806 506 849 Praxedis
545 809 829 862 presbytero,
865 813 911 849 et
954 807 1211 850 Bertrando
1251 807 1434 850 Sanctae

172 871 335 914 Mariae
356 874 402 915 in
418 873 597 928 Aquiro
618 874 828 924 diacono,
849 873 1173 924 cardinalibus,
1195 878 1243 915 et
1263 876 1433 916 sancti·

169 939 280 980 tatis
314 942 479 981 vestrae
521 940 715 989 nunciis,
750 940 830 993 qui
867 940 990 981 circa
1033 940 1161 993 pacis
1196 940 1433 993 negotium

167 1003 462 1046 laudabiliter
508 1011 555 1048 et
590 1005 783 1047 sollicite
817 1005 1102 1054 laborarunt,
1140 1006 1336 1059 petitum
1373 1007 1434 1048 sit

169 1075 326 1113 nostro
347 1072 531 1113 nomine
558 1071 732 1114 dictum
754 1084 944 1125 regnum
972 1072 1197 1122 Franciae,
1220 1072 1341 1126 quod
1375 1073 1433 1114 ad

168 1149 251 1178 nos
287 1138 515 1191 pertinere
551 1139 755 1180 noscitur
791 1139 916 1180 omni
945 1137 1068 1193 jure,
1107 1151 1280 1192 nosque
1314 1152 1433 1193 prae-

168 1202 276 1244 fatis
315 1204 639 1255 cardinalibus,
693 1205 778 1246 sub
826 1205 961 1246 certis
1004 1205 1090 1246 viis
1131 1205 1272 1258 pacis,
1314 1205 1433 1247 velle

166 1275 391 1321 nostrum,
415 1271 533 1312 bona
563 1271 668 1322 fide,
691 1271 932 1313 fecerimus
963 1271 1157 1325 aperire,
1189 1271 1431 1313 offerentes

167 1349 348 1390 semper
377 1337 433 1378 ad
467 1350 647 1379 omnem
672 1337 792 1379 viam
823 1338 952 1391 pacis
990 1337 1308 1379 rationabilem
1347 1351 1431 1380 nos

166 1407 369 1456 paratos,
410 1417 493 1457 pro
539 1408 664 1446 certo
708 1409 863 1445 tamen
907 1403 963 1445 de
1000 1403 1240 1445 voluntate
1285 1405 1430 1457 partis

165 1469 390 1520 adversae,
422 1483 506 1511 nec
538 1483 620 1524 per
649 1470 895 1524 praedictos
926 1470 1198 1519 cardinales,
1229 1483 1312 1511 nec
1348 1484 1431 1524 per

167 1535 300 1585 alios,
324 1535 560 1589 hucusque
589 1536 705 1577 scire
737 1536 1026 1590 nequivimus
1057 1536 1178 1590 quod
1202 1535 1321 1578 idem
1347 1537 1428 1578 do-

166 1602 315 1643 minus
340 1601 586 1655 Philippus
610 1602 856 1656 quicquam
878 1603 1009 1643 nobis
1041 1602 1190 1644 facere
1214 1602 1428 1653 voluerit,

167 1668 239 1709 vel
271 1667 448 1710 offerre.
520 1668 581 1709 Et
616 1681 792 1718 revera,
824 1669 863 1709 si
899 1669 1031 1710 nobis
1069 1669 1350 1710 oblationem
1383 1675 1429 1710 et

165 1734 438 1776 mediocrem
472 1739 580 1775 tunc
614 1734 814 1785 fecisset,
846 1734 904 1776 ad
932 1734 1124 1776 vitanda
1159 1747 1428 1788 guerrarum

163 1800 424 1843 discrimina
460 1806 507 1842 et
539 1814 844 1855 expensarum
877 1800 1118 1855 profluvia,
1156 1814 1295 1855 super
1327 1814 1428 1845 eam

163 1867 479 1909 rationabilem
498 1867 763 1909 fecissemus
787 1867 1191 1916 deliberationem;
1230 1868 1310 1909 sed
1328 1866 1427 1922 ‚iam

163 1946 255 1974 non
287 1933 494 1974 videmus
530 1933 640 1986 quid
671 1946 754 1986 per
783 1934 905 1974 viam
943 1934 1070 1987 pacis
1102 1934 1294 1975 ulterius
1324 1946 1427 1975 cum

165 1998 336 2041 honore
359 2005 518 2040 nostro
540 1999 689 2040 facere
712 1999 962 2041 valeamus.
1031 1999 1080 2041 Si
1102 2004 1254 2040 tamen
1278 1999 1428 2042 adhuc

162 2066 346 2119 placeat
384 2065 579 2119 praefato
612 2065 796 2107 domino
831 2064 1050 2119 Philippo
1091 2065 1222 2107 nobis
1267 2065 1428 2108 offerre

163 2132 483 2174 rationabilem
528 2132 649 2173 viam
701 2132 920 2185 aliquam,
966 2131 1040 2173 vel
1093 2132 1230 2173 etiam
1275 2136 1428 2174 vestra

163 2198 470 2240 consideratio
495 2198 702 2252 provida,
719 2211 799 2239 seu
824 2198 934 2239 dicti
959 2197 1132 2239 domiui
1155 2197 1427 2248 cardinales,

163 2264 425 2319 hujusmodi
472 2265 593 2306 viam
630 2277 898 2318 congruam,
944 2265 1016 2305 cui
1054 2264 1304 2318 praedictus
1347 2264 1428 2306 do·-

163 2331 314 2372 minus
329 2331 572 2385 Philippus
586 2330 845 2372 consentire
860 2329 1073 2380 voluerit,
1090 2330 1222 2372 nobis
1238 2330 1429 2374 fecerint

163 2398 346 2451 aperiri,
374 2398 547 2447 statim,
569 2410 671 2439 cum
707 2397 763 2438 de
793 2397 876 2438 illa
907 2397 1179 2447 constiterit,
1202 2397 1426 2438 delibera-

160 2464 328 2506 tionem
368 2463 535 2505 habere
565 2464 776 2505 volumus
809 2476 947 2517 super
982 2476 1052 2513 ea,
1083 2475 1136 2504 ac
1165 2470 1268 2505 cu'm
1305 2465 1427 2505 omni

161 2531 397 2572 celeritate
449 2531 599 2572 facere
653 2530 996 2584 responsionem
1041 2542 1145 2583 quae
1188 2530 1425 2571 sanctitati

159 2602 325 2638 vestrae
356 2602 403 2638 et
437 2595 615 2638 cunctis
645 2596 981 2637 consideratam
1020 2601 1190 2637 rectam
1222 2602 1268 2638 et
1303 2596 1424 2638 ordi*

159 2668 315 2705 natam
354 2663 578 2705 rationem
615 2662 889 2705 habentibus
915 2662 1058 2703 videri
1088 2661 1253 2704 debeat
1285 2662 1426 2704 ratio-

558 2812 565 2831 '
592 2811 757 2854 Supplied
774 2813 857 2844 from
876 2813 1013 2853 Rymer.

226 2891 330 2922 von.
365 2891 416 2922 ιι.
1126 2889 1156 2918 A
1194 2889 1225 2919 A
