1992 3202
322 396 442 436 ἱζάνει-ἁ
461 409 485 435 ῐ.

306 482 312 484 .
322 444 358 470 A.
366 443 399 469 D.
414 444 491 469 129⁵.

304 499 366 524 The
379 498 484 530 Bishop

520 271 578 324 68
1011 286 1290 319 οΗηοΝιοοΝ

521 392 734 437 dendum.
797 392 1011 435 Crastina
1046 388 1199 434 autem
1232 392 1306 434 die
1345 405 1449 434 cum
1490 391 1787 435 convenirent

520 463 683 504 iterum
706 459 929 509 universi,
952 458 1073 499 idem
1095 458 1422 501 Dunolmensis
1441 459 1488 500 in
1511 458 1693 501 Gallico
1720 459 1786 500 sic

304 530 505 557 ⁰¹1³¹¹¹¹²³¹¹²²
522 529 616 570 ait:
649 530 679 550 “
699 525 886 568 Domini
907 524 1146 574 carissimi,
1176 525 1436 578 requisistis
1468 525 1683 567 hesterna
1711 525 1787 567 die

305 565 391 597 reply.

522 592 753 635 dominum
778 595 987 633 nostrum
1009 603 1161 644 regem
1179 591 1236 632 de
1259 590 1465 642 duobus;
1491 594 1504 613 ‘
1524 591 1629 633 Uno
1643 589 1671 611 '¹
1695 591 1784 632 sci-

522 659 643 709 licet,
666 657 788 712 quod
809 670 870 699 ex
891 656 1042 711 gratia
1062 669 1147 698 sua
1166 669 1294 698 mera
1313 657 1583 709 dignaretur
1595 657 1786 698 nuncios

522 725 703 767 mittere
724 723 783 765 ad
806 736 960 777 regem
983 722 1251 773 Alemaniae,
1266 727 1321 764 ut
1339 722 1441 777 ejus
1463 723 1662 763 animum
1683 722 1785 763 alli-

522 791 614 833 ciat
630 790 687 832 ad
708 803 867 845 pacem
884 789 1173 831 annuendam
1196 793 1242 830 et
1258 789 1392 843 plene
1415 788 1783 830 confirmandam.

522 857 647 907 Alio,
701 856 825 911 quod
874 855 1049 898 scilicet
1090 861 1277 909 treugas
1328 852 1596 896 concederet
1639 866 1786 908 usque

522 928 696 965 certum
717 928 913 976 tempus,
934 921 1053 963 infra
1072 921 1194 975 quod
1226 921 1283 962 de
1305 920 1441 975 plena
1460 933 1574 975 pace
1596 920 1786 962 tractari

522 993 707 1043 posset3
742 988 815 1031 vel
853 988 980 1042 ipsas
1015 988 1179 1030 saltem
1219 993 1407 1040 treugas
1450 987 1643 1028 ulterius
1677 999 1784 1040 pro-

522 1068 700 1108 rogare.
763 1052 835 1096 Ad
875 1054 1071 1108 primum
1097 1053 1341 1095 articulum
1375 1052 1620 1107 respondet
1652 1053 1785 1094 vobis

522 1121 732 1162 dominus
757 1125 913 1162 noster
935 1132 1016 1161 rex
1042 1119 1134 1161 sic:
1167 1122 1198 1142 “
1211 1118 1365 1171 Quod,
1388 1119 1566 1160 ratione
1589 1123 1636 1160 et
1658 1131 1784 1160 reve—

522 1181 671 1228 rentia
693 1186 917 1228 Romanae
939 1181 1160 1236 ecclesiae,
1184 1181 1287 1239 quae
1315 1185 1459 1226 totius
1489 1184 1614 1226 orbis
1644 1187 1786 1237 caput

522 1256 592 1293 est
627 1257 673 1293 et
701 1251 940 1305 magistra,
961 1256 1008 1293 et
1027 1251 1265 1292 occasione
1295 1247 1591 1304 personarum
1611 1254 1786 1291 vestra-

522 1331 638 1368 rum,
660 1319 739 1371 qui
760 1317 884 1359 illius
918 1315 1122 1359 ecclesiae
1155 1317 1266 1358 estis
1299 1314 1518 1367 membra,
1536 1316 1784 1370 habitaque

521 1378 885 1425 consideratione
929 1383 1070 1425 vestri
1108 1383 1279 1425 laboris
1319 1387 1366 1424 et
1411 1382 1540 1436 longi
1590 1382 1784 1433 itineris,

521 1449 770 1492 liberaliter
791 1450 998 1491 concedit
1021 1450 1149 1491 vobis
1179 1462 1262 1490 rex
1286 1449 1475 1491 nuncios
1508 1461 1617 1490 suos
1646 1461 1784 1503 super

521 1515 608 1557 hoc
646 1515 815 1557 ibidem
844 1515 1121 1557 destinare.”
1190 1514 1264 1556 Ad
1309 1515 1434 1556 aliud
1477 1515 1567 1556 sic:
1606 1517 1636 1537 “
1654 1513 1779 1556 Satis

521 1582 653 1623 vobis
696 1586 879 1623 constat
921 1586 968 1623 et
1007 1581 1131 1623 omni
1172 1581 1345 1635 populo
1387 1581 1510 1635 quod
1551 1582 1783 1623 exercitus

521 1648 643 1701 regis
669 1647 877 1689 Franciae
908 1652 955 1689 et
992 1644 1103 1701 gens
1139 1659 1226 1689 sua
1261 1652 1361 1689 tota
1388 1647 1487 1703 jam
1515 1638 1670 1702 parati
1701 1660 1784 1689 ex-

521 1714 666 1755 istunt
694 1719 747 1755 ut
767 1713 854 1754 sibi
883 1718 931 1755 et
951 1714 1047 1755 suis
1069 1713 1268 1755 inferant
1288 1713 1412 1755 mala
1441 1726 1546 1768 quae
1570 1719 1780 1767 possunt,

521 1776 642 1821 sicut
661 1779 897 1833 hucusque
921 1779 1143 1831 fecerunt,
1163 1780 1208 1821 in
1227 1785 1351 1822 terra
1371 1780 1477 1822 etin
1498 1780 1638 1833 mari;
1660 1780 1782 1822 unde

521 1846 619 1899 regi
662 1859 754 1888 non
800 1847 922 1888 eSset
955 1859 1163 1888 securum
1208 1846 1303 1887 suis
1347 1847 1594 1900 praecipere
1632 1844 1690 1888 ne
1731 1859 1782 1889 se

520 1907 828 1962 defenderent,
852 1912 940 1953 nisi
970 1926 1030 1954 ex
1051 1917 1183 1967 parte
1207 1913 1354 1954 altera
1387 1918 1508 1955 esset
1537 1912 1780 1954 inhibitum

520 1980 532 1999 ‘
547 1990 603 2019 ne
619 1976 856 2019 ulterius’2
876 1983 1281 2032 prosequerentur:
1306 1983 1493 2033 propter
1510 1978 1632 2032 quod
1649 1979 1781 2020 vobis

519 2044 765 2097 respondet
787 2044 908 2097 quod
935 2057 1074 2098 quam
1098 2044 1190 2087 cito
1210 2048 1224 2067 ‘
1238 2044 1540 2087 constiterit’³
1564 2044 1606 2086 ei
1625 2058 1780 2098 regem

523 2109 804 2152 Francorum
819 2123 875 2151 ex
890 2115 1021 2164 parte
1035 2123 1120 2152 sua
1132 2110 1219 2153 hoc
1231 2111 1480 2153 inhibuisse
1492 2110 1567 2152 vel
1578 2111 1782 2152 inhibere

521 2176 654 2226 velle,
678 2176 835 2218 statim
867 2181 914 2218 et
933 2178 1032 2231 ipse
1067 2177 1163 2218 suis
1194 2177 1280 2219 hoc
1314 2177 1427 2219 illud
1464 2177 1584 2219 idem
1619 2178 1780 2231 praeci-

304 2241 684 2295 Dexmtureorpiendo
708 2243 960 2293 mandabit,
986 2242 1065 2284 sed
1094 2247 1202 2285 ante
1231 2244 1369 2285 non.''
1431 2243 1669 2297 Factoque
1697 2243 1780 2285 tali

304 2285 354 2310 the
367 2284 453 2316 Papal

303 2318 433 2350 Legateu.

518 2304 752 2362 responso,
777 2314 824 2350 et
842 2305 1031 2363 accepta
1054 2308 1275 2360 licentia‚⁴
1299 2310 1468 2352 reversi
1493 2315 1602 2351 sunt
1631 2309 1781 2352 cardi·

518 2374 645 2415 nales
680 2375 726 2415 in
769 2375 1027 2425 Franciam,
1063 2376 1182 2417 unde
1222 2376 1349 2429 prius
1383 2383 1618 2417 venerant.
1688 2375 1778 2417 Sed

518 2438 607 2481 non
638 2445 747 2482 sunt
777 2442 950 2483 reversi
980 2442 1142 2490 vacui;
1171 2442 1309 2483 immo
1339 2442 1503 2483 bursas
1524 2446 1779 2483 vacuantes

562 2565 569 2584 ¹
597 2567 763 2608 Supplied
778 2569 861 2600 from
878 2569 955 2601 MS.
971 2570 1097 2602 Lansd.
1163 2572 1197 2602 to
1212 2569 1387 2610 conclude,
1402 2570 1436 2601 in
1452 2569 1505 2602 his
1525 2579 1635 2610 name,
1650 2579 1671 2601 a
1685 2573 1780 2603 truce

561 2612 573 2631 ²
595 2615 605 2631 ⁴
616 2618 654 2645 ut
664 2614 805 2646 ulterius
816 2615 905 2655 non,'
915 2616 991 2648 MS.
1005 2616 1130 2648 Lansd.
1164 2616 1247 2647 with
1263 2616 1392 2656 Philip,
1407 2619 1441 2647 to
1458 2616 1524 2647 last
1539 2616 1592 2647 till
1606 2616 1662 2648 the
1678 2617 1780 2649 Feast

562 2658 574 2677 ³
595 2661 606 2678 ‘
617 2661 851 2701 constituerit,'
868 2662 942 2694 MS.
955 2662 1044 2695 Cott.
1054 2663 1129 2694 Tib.
1164 2661 1202 2693 of
1211 2661 1270 2693 All
1285 2663 1397 2694 Saints
1408 2665 1488 2694 next
1500 2662 1654 2704 ensuing,
1666 2662 1695 2695 if
1706 2663 1780 2695 that

561 2704 574 2724 ⁴
595 2706 666 2737 The
689 2707 772 2748 king
796 2708 934 2748 granted
957 2712 990 2740 to
1009 2709 1066 2740 the
1082 2709 1130 2740 le—
1163 2708 1320 2740 monarch
1345 2708 1466 2740 should
1495 2709 1605 2741 desire
1630 2709 1667 2741 it.
1705 2710 1780 2741 Rot.

516 2755 610 2791 gates
625 2752 884 2795 letters-patent,
898 2755 1002 2786 dated
1017 2765 1060 2787 on
1074 2755 1131 2787 the
1166 2755 1243 2786 Pat.
1264 2757 1306 2786 2³
1327 2755 1426 2787 Edw.
1443 2755 1473 2788 Ι.
1496 2765 1540 2788 m.
1558 2758 1619 2795 10;
1642 2756 1779 2797 Rymer,

516 2797 593 2829 14th
608 2798 646 2829 of
658 2798 806 2840 August,
817 2801 1027 2842 authorizing
1041 2801 1131 2833 them
1166 2801 1323 2843 Foedera,
1338 2802 1362 2833 i.
1378 2803 1454 2834 824.
