2038 3306
457 281 684 313 WAL'rssm
716 282 778 311 DE
810 282 1184 314 HEMINGBURGH.
1360 272 1445 313 401

185 450 371 503 Qualiter
403 422 624 508 Effaynates
655 452 820 508 Anqliae
851 453 1102 508 scripserunt
1139 452 1273 507 Papae
1304 457 1446 493 contra
1464 463 1586 489 Edward
1604 463 1662 488 ιη.

248 517 488 559 Provisores
513 518 596 561 sive
616 518 890 573 Impetrantes
909 518 955 560 in
979 518 1111 560 Curia
1132 517 1368 574 Diynitates
1385 516 1449 560 vel
1480 497 1558 522 A‘D'
1574 497 1649 522 ¹³⁴³⁶

249 582 514 626 praebendas.

249 713 619 759 “Sanctissimo¹
657 716 704 758 in
739 716 923 759 Christo
961 716 1083 769 patri
1120 715 1305 757 domino
1339 715 1445 757 Cle·
1463 724 1653 784 'rhenamps

184 782 342 831 menti,
381 782 537 824 divina
574 782 882 836 providentia,
921 786 1094 823 sanctae
1132 781 1359 823 Romanae
1399 785 1446 823 et
1462 761 1666 833 3323ssssssth

183 847 457 889 universalis
482 848 687 890 ecclesiae
714 861 891 889 summo
913 847 1134 901 pontifici,
1158 848 1230 888 sui
1251 847 1445 888 humiles
1462 828 1615 891 gl‘fflssssf*

184 912 266 952 filii
290 917 337 954 et
366 913 521 955 devoti
552 914 796 967 principes,
821 913 977 962 duces,
1002 914 1209 959 comites,
1236 914 1447 962 barones,
1464 895 1530 925 May
1547 895 1587 918 '⁸‘

184 978 367 1028 milites,
411 980 551 1028 cives,
597 980 863 1031 burgenses,
909 983 956 1021 et
1001 983 1102 1019 tota
1143 979 1448 1020 communitas

183 1044 315 1097 regni
353 1043 537 1098 Angliae
571 1045 618 1085 in
654 1045 956 1098 parliamento
994 1044 1118 1097 apud
1154 1043 1449 1087 Westmona·

184 1110 371 1151 sterium
402 1111 450 1152 in
475 1111 706 1164 quindena
742 1109 935 1151 Paschae
968 1110 1179 1163 proximo
1213 1111 1450 1163 praeterita

184 1177 452 1229 congregati
472 1177 643 1230 pariter
677 1176 882 1225 adunati,
903 1175 1069 1217 devota
1100 1175 1266 1229 pedum
1294 1175 1451 1217 oscula

186 1242 424 1284 beatorum
468 1255 569 1284 cum
616 1243 739 1283 omni
786 1242 1044 1283 reverentia
1084 1246 1130 1283 et
1174 1241 1448 1286 humilitate.

187 1307 483 1351 Sanctissime
517 1314 663 1362 pater,
698 1308 913 1349 discretio
947 1312 1124 1357 sancta,
1165 1308 1366 1360 regimen
1404 1313 1449 1349 et

187 1374 398 1427 aequitas,
419 1387 522 1428 quae
543 1375 590 1415 in
615 1374 745 1416 vobis
768 1379 952 1415 ostensa
973 1378 1095 1423 sunt,
1118 1378 1165 1415 et
1187 1373 1235 1416 in
1255 1373 1449 1428 praelato

187 1444 280 1481 tam
313 1441 561 1483 excellenti
595 1445 641 1482 et
670 1445 849 1490 sancto,
873 1439 1015 1481 totius
1047 1440 1207 1481 matris
1245 1440 1449 1481 ecclesiae

187 1506 354 1560 capite,
388 1519 580 1560 regnare
611 1506 793 1556 debent,
826 1518 906 1560 per
943 1518 1078 1559 quem
1113 1506 1251 1547 etiam
1287 1510 1451 1547 sancta

187 1572 381 1613 ecclesia
409 1573 699 1626 populusque
734 1572 822 1614 Dei
852 1571 980 1613 velut
1013 1571 1111 1612 sole
1145 1571 1447 1620 illustrantur,

187 1638 318 1679 nobis
356 1650 485 1692 spem
524 1638 699 1679 firmam
736 1637 994 1687 conferunt,
1035 1637 1158 1690 quod
1205 1638 1450 1691 petitiones

180 1704 340 1758 justae,
353 1704 412 1745 ad
426 1704 644 1745 honorem
659 1704 747 1745 Dei
765 1708 1031 1756 sanctaeque
1047 1703 1268 1752 ecclesiae,
1283 1704 1452 1744 sancti-

187 1770 274 1811 tati
312 1775 476 1814 vestrae
511 1774 797 1818 monstratae,
833 1770 1035 1822 gratiose
1085 1781 1114 1812 a
1147 1769 1276 1814 vobis
1318 1775 1453 1811 erunt

188 1836 489 1887 auscultatae3
531 1836 799 1889 iniquitates
838 1848 997 1877 omnes
1043 1840 1090 1876 et
1133 1848 1309 1877 errores
1349 1848 1451 1879 cum

188 1902 425 1942 fructuosa
457 1901 749 1955 expeditione
785 1908 829 1942 et
869 1900 1085 1950 remedio,
1121 1901 1273 1953 gratia
1297 1900 1455 1942 Sancti

191 1967 390 2021 Spiritus
433 1967 512 2020 qui
555 1967 612 2008 ad
667 1971 839 2008 statum
881 1971 975 2007 tam
1029 1966 1329 2010 excellentem
1370 1979 1454 2008 vos

190 2033 358 2086 eligere
379 2033 595 2086 dignatus
617 2037 688 2074 est
708 2037 754 2074 et
774 2037 1033 2086 acceptare,
1055 2031 1223 2086 abjecti
1244 2032 1453 2086 protinus

190 2104 237 2140 et
289 2099 487 2153 expulsi.
568 2098 812 2150 Quocirca,
849 2103 982 2152 pater
1027 2098 1327 2148 sanctissime,
1369 2111 1453 2140 nos

190 2178 349 2209 omnes
396 2170 442 2206 et
491 2164 661 2217 singuli
715 2178 818 2206 cum
861 2163 997 2218 plena
1041 2164 1370 2205 deliberatione
1409 2169 1455 2206 et

192 2244 383 2272 assensu
431 2230 675 2280 communi,
717 2230 953 2273 sanctitati
1008 2235 1173 2271 vestrae
1222 2230 1455 2271 humiliter

192 2297 481 2340 notificamus
511 2295 634 2350 quod
664 2296 866 2338 illustres
901 2307 1033 2348 reges
1054 2294 1239 2348 Angliae
1277 2300 1324 2337 et
1353 2309 1455 2349 pro-

192 2363 422 2416 genitores
466 2362 610 2404 nostri
653 2367 700 2404 et
742 2367 1055 2403 antecessores
1095 2361 1231 2402 simul
1267 2365 1313 2403 et
1358 2375 1455 2411 nos,

193 2429 440 2470 secundum
473 2428 670 2481 gratiam
701 2428 859 2469 Sancti
893 2427 1093 2481 Spiritus
1130 2426 1223 2469 illis
1256 2432 1302 2468 et
1325 2428 1455 2470 nobis

193 2494 410 2538 collatam
443 2494 608 2536 devote
644 2494 929 2543 ordinarunt,
955 2493 1221 2543 fundarunt,
1247 2498 1292 2534 et
1327 2493 1456 2535 dota-

195 2566 317 2609 runt,
367 2559 694 2609 ordinavimus,
737 2555 1046 2608 fundavimus,
1097 2564 1143 2600 et
1196 2558 1458 2600 dotavimus

194 2626 313 2670 infra
379 2638 570 2679 regnum
624 2624 809 2678 Angliae
874 2624 1091 2666 ecclesias
1156 2624 1458 2675 cathedrales,

282 2773 290 2791 ¹
316 2775 347 2805 A
364 2774 495 2806 French
511 2775 593 2810 form
610 2775 647 2806 of
667 2775 735 2809 this
757 2775 855 2806 letter
872 2776 900 2806 is
918 2776 1016 2815 given
1032 2775 1066 2806 iu
1083 2775 1276 2816 Avesbury,
1294 2778 1368 2808 110.

268 2852 370 2882 voL.
396 2852 445 2884 11.
1170 2853 1199 2882 D
1232 2854 1262 2882 D
