1992 3202
455 286 680 316 WALTERI
715 287 777 316 DE
811 287 1186 319 HEMINGBURGH.
1390 277 1448 317 49

180 387 329 430 fuerat
366 390 502 440 enim,
539 395 591 432 ut
629 391 800 433 dictum
842 397 928 443 est,
969 392 1076 434 olim
1109 397 1266 434 custos
1304 392 1446 434 totius
1479 403 1638 462 {⁶3³3}ss

179 457 312 496 terrae
330 455 577 498 Vasconiae
596 470 656 498 ex
678 463 811 511 parte
834 459 956 511 regis
981 458 1162 512 Angliae
1180 463 1225 500 et
1243 471 1323 499 eos
1340 471 1442 500 cum
1463 455 1528 517 Μ’,
1540 454 1570 517 52,
1639 453 1647 461 ’

177 518 464 563 humanitate
488 527 787 566 tractaverat.
860 524 1068 579 Cumque
1100 525 1443 579 appropinqua·
1461 526 1599 557 ⁶⁸⁸000y·

178 590 247 627 ret
267 587 444 630 civitati
476 594 523 630 et
544 594 695 631 essent
715 591 828 632 certi
861 591 985 633 cives
1010 591 1067 632 de
1096 591 1197 646 ejus
1226 590 1444 641 adventu,

176 651 408 696 irruerunt
439 655 656 697 continuo
688 656 736 697 in
771 656 1004 709 regalibus
1046 656 1239 698 Francis
1269 657 1349 710 qui
1384 671 1441 699 ex

175 724 307 770 parte
338 722 457 774 regis
491 722 700 763 Franciae
731 722 1101 776 praeficiebantur
1124 723 1206 772 eis,
1238 728 1285 764 et
1309 724 1442 765 caesis

176 785 332 826 multis
354 800 413 828 ex
441 788 507 828 eis
539 788 618 841 qui
644 788 691 828 in
719 788 909 829 civitate
938 788 1133 838 fuerant,
1158 788 1360 842 reliquos
1393 789 1441 831 in

176 852 388 903 praesidio
429 853 679 895 fortissimo
720 853 810 894 loci
852 853 1058 908 ejusdem
1096 854 1440 905 concluserunt,

174 929 342 958 exosos
373 919 491 959 enim
521 919 752 960 habebant
773 931 853 960 eos
890 932 945 961 eo
978 919 1101 974 quod
1130 920 1443 961 abutebantur

174 983 291 1024 male
305 997 523 1026 concessa
537 989 767 1039 potestate
783 999 794 1037 ;
813 985 1191 1040 tradideruntque
1206 985 1439 1028 civitatem

173 1050 389 1100 venienti,
411 1056 457 1093 et
480 1051 763 1093 obsidionem
794 1052 935 1093 castri
965 1051 1275 1094 continuando
1309 1059 1438 1094 tenu—

172 1121 306 1158 erunt
329 1117 532 1158 dicentes
556 1117 679 1159 lasso
707 1118 829 1171 quod
861 1131 910 1159 se
940 1131 1044 1159 cum
1071 1118 1167 1159 suis
1188 1119 1437 1160 recreando

172 1182 394 1232 reficeret,
439 1184 609 1224 nullam
656 1184 866 1225 habendo
916 1197 1074 1226 curam
1116 1184 1173 1226 de
1222 1185 1435 1226 obsessis.

175 1247 289 1290 Post
312 1249 407 1290 dies
430 1254 584 1290 autem
607 1250 783 1303 aliquot
805 1263 910 1291 cum
934 1263 983 1291 se
1009 1251 1213 1292 viderent
1236 1255 1435 1291 castren-

171 1327 244 1355 ses
274 1316 340 1356 sic
376 1316 450 1356 diu
489 1329 672 1357 manere
713 1329 802 1357 non
842 1329 975 1370 posse
1011 1316 1234 1358 dederunt
1256 1330 1321 1366 se,
1350 1318 1436 1358 sub

170 1386 309 1433 pacto
330 1386 481 1422 tamen
501 1382 623 1435 quod
649 1387 805 1423 custos
835 1396 992 1423 eorum
1022 1396 1105 1436 pro
1134 1383 1345 1424 omnibus
1369 1396 1435 1424 re-

169 1453 374 1488 maneret
394 1452 438 1488 et
460 1449 614 1489 caeteri
634 1448 812 1489 abirent
831 1448 980 1498 illaesi,
1003 1448 1314 1502 remansitque
1334 1462 1437 1490 cus-

169 1517 242 1553 tos
265 1526 423 1554 eorum
445 1514 679 1555 Jordanus
702 1514 914 1555 Bertram
947 1519 994 1555 et
1021 1514 1185 1567 reliqui
1211 1515 1435 1556 abierunt.

170 1578 342 1632 Elapso
376 1584 529 1620 autem
565 1585 770 1634 tempore
800 1580 996 1630 modico,
1030 1585 1075 1621 et
1103 1580 1276 1621 viribus
1309 1593 1434 1621 reas-

168 1646 378 1698 sumptis,
413 1646 586 1699 egressi
620 1651 727 1687 sunt
762 1647 906 1687 nostri
941 1658 1087 1699 usque
1122 1645 1178 1687 ad
1216 1646 1435 1688 Sanctum

169 1710 447 1766 Cynerinum
483 1717 535 1754 ut
554 1712 683 1753 illum
714 1717 1052 1766 expugnarent,
1079 1725 1135 1754 ac
1169 1712 1293 1754 cives
1323 1725 1433 1754 con-

166 1777 294 1819 tinuo
318 1778 542 1820 dederunt
564 1791 627 1827 se,
656 1783 703 1820 et
727 1778 906 1832 regales
930 1778 1099 1819 Franci
1122 1791 1181 1819 ex
1203 1783 1340 1832 pacto
1361 1792 1432 1820 re-

167 1850 420 1895 cesserunt,
442 1844 520 1885 ubi
543 1845 781 1898 assignato
806 1844 996 1886 custode
1017 1844 1200 1886 domino
1230 1844 1432 1897 Hugone

166 1910 223 1951 de
244 1910 341 1952 Ver
361 1924 464 1952 cum
483 1923 556 1953 cc.
578 1912 868 1964 equestribus
892 1915 939 1952 et
963 1910 1121 1952 multis
1143 1910 1432 1965 pedestribus

165 1990 378 2018 reversus
413 1982 482 2019 est
507 1978 754 2031 praedictus
791 1977 1003 2019 dominus
1035 1976 1276 2018 Johannes
1308 1977 1430 2030 apud

168 2043 346 2097 Bayon,
368 2050 414 2085 et
435 2044 604 2085 mansit
623 2043 790 2085 ibidem
814 2055 973 2085 secure
995 2042 1138 2084 multo
1161 2047 1379 2095 tempore.

201 2194 264 2234 De
287 2193 532 2247 Confusione
554 2198 590 2233 et
616 2191 813 2246 Captione
835 2196 1066 2231 nostrorum
1089 2189 1135 2230 in
1166 2188 1386 2230 Vasconia.

233 2297 408 2339 Audito
439 2296 639 2337 adventu
673 2294 930 2348 Anglorum
963 2294 1009 2334 in
1033 2293 1318 2335 Vasconiam
1346 2295 1431 2334 mi-

161 2364 222 2404 sit
247 2363 430 2405 tandem
463 2375 547 2403 rex
583 2361 790 2402 Franciae
824 2359 1042 2401 Carolum
1074 2359 1263 2400 fratrem
1295 2371 1430 2400 suum

162 2435 208 2471 et
242 2430 475 2471 dominum
509 2429 565 2469 de
587 2431 598 2450 ‘
623 2425 787 2469 Nele'¹
815 2425 1119 2467 senescallum
1149 2437 1301 2474 suum,
1325 2437 1429 2466 cum

162 2497 318 2537 multis
341 2495 541 2536 millibus
558 2493 841 2547 equestrium
857 2496 1137 2533 armatorum
1155 2495 1202 2532 et
1221 2491 1428 2532 exercitu

160 2562 365 2616 copioso,
405 2562 463 2603 ad
503 2559 778 2615 capiendum
819 2571 898 2600 eos
937 2562 983 2599 et
1015 2562 1227 2610 potenter
1262 2556 1428 2598 devas-

159 2628 370 2670 tandum:
395 2629 475 2681 qui
490 2628 726 2669 venientes
743 2624 865 2679 apud
883 2628 895 2645 ‘
910 2621 1104 2677 Ryens’2
1121 2623 1167 2663 in
1187 2623 1429 2664 Dominica

208 2760 216 2778 ι
242 2762 251 2779 c
264 2761 373 2801 Nee&
392 2760 466 2792 MS.
484 2759 608 2792 Lansd.
813 2731 1071 2812 cottfgffjms’,
1095 2733 1195 2766 MSS.
1220 2733 1345 2765 Lansd.
1362 2733 1429 2787 and

225 2861 328 2890 voh.
359 2859 409 2889 ΙΙ.
1201 2856 1227 2885 Ε
