2038 3306
436 317 663 348 WALTER!
697 318 759 348 DE
790 318 1166 351 HEMlNGBURGH.

248 420 520 473 Edwardus‚
567 422 656 465 Dei
690 425 857 477 gratia,
899 437 980 466 rex
1016 425 1226 467 Franciae
1260 430 1308 467 et
1344 424 1441 467 An·
1460 438 1582 464 zunta
1602 438 1658 463 ιιι,

179 487 302 540 gliae‚
328 488 538 530 dominus
560 489 812 540 Hiberniae,
836 491 1044 532 omnibus
1066 490 1288 545 praelatis,

179 553 317 603 tibus,
339 554 604 606 baronibus,
620 556 864 606 nobilibus,
880 557 1289 610 communibusque
1310 569 1422 610 regn

1356 310 1443 352 337

180 618 403 670 Franciae,
439 621 754 675 cujuscunque
791 622 961 663 fuerint
997 622 1289 672 conditionis,
1323 623 1435 664 veri·

178 780 336 820 seigneur
364 779 407 811 de
441 780 611 820 Irelonde,
634 790 655 812 a
677 784 790 812 toutes

177 826 300 866 pieres,
323 827 480 866 prelates,
505 826 623 867 duces,
637 830 789 867 countes,

177 872 334 911 barouns,
354 873 483 911 nobles,
506 876 540 903 et
563 882 721 904 comunes
745 873 788 904 de

175 918 300 949 realme
331 918 374 949 de
408 918 572 958 Fraume,
609 919 653 949 de
690 918 789 958 quele

175 967 282 995 estate
293 973 336 994 ou
347 964 522 995 condicion
528 974 594 1004 que
604 964 646 996 ils
656 967 790 1004 seyunt,

175 1011 376 1041 conisaunce
405 1010 448 1041 de
487 1010 602 1042 verite.
657 1010 790 1042 Purceo

173 1065 240 1095 que
264 1056 391 1087 notorie
414 1055 513 1087 chose
536 1059 588 1088 est
609 1066 675 1096 que
697 1066 789 1087 mon-

174 1102 267 1134 sieur
282 1101 422 1134 Charles
447 1102 489 1133 de
513 1102 598 1133 bone
621 1103 790 1142 memorie,

175 1148 321 1188 nadgers
338 1158 398 1188 roy
413 1149 456 1180 de
477 1148 642 1189 Fraunce,
663 1153 791 1180 morust

173 1195 255 1226 seisi
269 1194 523 1226 heritablement
545 1194 592 1225 du
608 1195 730 1226 realme
747 1195 790 1227 de

174 1241 340 1281 Fraunce‚
355 1244 389 1272 et
400 1251 466 1280 que
477 1250 562 1272 nous
573 1250 688 1272 sumez
703 1241 758 1272 fitz
769 1252 790 1273 a

172 1287 208 1318 la
229 1297 305 1318 seor
327 1296 485 1328 ger-mayn
507 1287 554 1318 du
569 1287 619 1318 dit
634 1288 791 1326 seigneur

175 1332 340 1372 Charles;
370 1342 468 1373 apres
494 1342 560 1373 que
582 1336 667 1364 mort
693 1334 723 1364 le
739 1333 791 1364 dit

172 1380 297 1410 realme
312 1380 354 1410 de
378 1379 529 1410 Fraunce
552 1389 636 1411 nous
659 1383 711 1411 est
731 1390 790 1412 no-

174 1429 353 1457 torrement
399 1435 461 1466 par
506 1425 595 1456 droit
640 1425 789 1466 heritage

175 1472 315 1503 eschutz
343 1475 377 1504 et
406 1471 554 1510 devolut,
569 1474 603 1502 et
633 1481 699 1511 que
723 1473 788 1503 sire

174 1517 290 1558 Philip
306 1518 348 1549 de
364 1517 490 1557 Valeys
512 1517 567 1548 fitz
589 1517 620 1548 al
646 1517 742 1549 uncle
757 1518 789 1549 le

172 1564 223 1595 dit
248 1565 314 1595 sire
338 1563 479 1595 Charles
503 1567 537 1594 et
561 1564 622 1594 issi
644 1573 686 1594 en
712 1564 788 1603 plus

174 1610 273 1650 longe
294 1613 383 1650 tyme
407 1609 529 1649 degree
546 1619 612 1649 que
635 1619 719 1640 nous
747 1619 788 1641 ne

174 1666 307 1693 sumus,
320 1666 356 1687 se
367 1656 411 1687 ad
427 1657 528 1688 batuz
543 1658 680 1688 countre
696 1655 788 1687 Dieu

173 1706 208 1733 et
222 1702 370 1734 droiture
386 1711 427 1733 en
447 1702 479 1733 le
494 1701 545 1733 dit
568 1701 691 1733 realme
707 1705 788 1733 taun

173 1758 266 1780 come
290 1752 451 1780 estounus
471 1748 514 1779 de
531 1747 690 1787 meyndre
714 1757 788 1788 age,

173 1798 208 1826 et
233 1795 264 1826 le
287 1795 404 1834 detynt
427 1803 469 1825 en
491 1804 533 1834 cy
553 1797 788 1826 tourcenouse-

175 1844 275 1873 ment.
291 1841 327 1872 Si
337 1850 451 1871 avoms
461 1850 522 1879 par
531 1841 616 1871 bone
625 1843 659 1871 et
668 1843 789 1879 graunt

175 1887 393 1918 deliberation
409 1896 450 1917 en
463 1886 625 1917 affiaunce
640 1885 683 1917 de
695 1886 786 1917 Dieu

174 1936 209 1964 et
220 1933 263 1964 de
276 1933 377 1964 bones
393 1935 510 1972 gentez
525 1932 637 1970 enpris
653 1932 684 1963 le
699 1941 789 1963 noun

172 1983 208 2011 et
222 1979 254 2010 le
270 1981 527 2019 gouvernement
535 1977 590 2008 del
601 1978 652 2009 dit
665 1978 788 2010 realme

175 2035 301 2057 comme
311 2034 396 2056 nous
405 2024 555 2055 devioms
565 2034 574 2061 ;
589 2026 623 2054 et
633 2024 662 2055 si
673 2033 788 2055 sumus

172 2082 215 2103 en
244 2071 347 2103 ferme
377 2080 499 2110 porpos
530 2070 571 2100 de
602 2069 685 2100 faire
715 2079 789 2109 gra-

174 2118 359 2149 ciousment
388 2126 429 2147 en
459 2126 526 2147 eux
563 2116 622 2155 qui
653 2115 789 2147 volount

174 2164 258 2195 faire
273 2173 348 2194 vers
375 2172 460 2193 nous
482 2162 557 2193 lour
578 2161 725 2200 devyer:
755 2165 789 2193 et

175 2213 249 2242 nest
258 2219 333 2249 mye
347 2212 457 2240 nostre
468 2207 642 2239 entencion
654 2208 696 2239 de
706 2217 788 2239 vous

172 2256 258 2287 toler
281 2265 370 2286 noun
394 2254 552 2286 duement
577 2263 660 2284 vous
691 2253 789 2294 droy-

174 2307 279 2339 tures,
291 2311 361 2332 mes
378 2309 532 2340 pensoms
548 2300 591 2331 de
606 2299 689 2330 faire
701 2299 788 2331 droi-

174 2352 248 2380 ture
274 2357 295 2379 a
320 2350 424 2387 toutz,
448 2350 482 2378 et
505 2346 547 2377 de
572 2345 713 2386 prendre
736 2346 789 2377 lez

174 2395 279 2426 bouez
302 2393 398 2433 leyez
416 2396 449 2424 et
471 2396 613 2424 costoms
629 2392 688 2431 qui
716 2392 788 2423 fue—

172 2443 246 2472 rent
261 2449 302 2471 en
325 2443 432 2478 temps
456 2448 541 2470 nous
557 2437 789 2478 progenitours

174 2486 289 2517 Soient
302 2486 439 2524 Lowes;
454 2488 488 2516 et
499 2485 619 2515 auxint
630 2486 704 2515 nest
713 2493 788 2523 mye

173 2535 283 2564 nostre
314 2532 448 2562 volunte
478 2531 520 2561 de
558 2539 660 2569 quere
697 2533 788 2561 notre

174 2588 262 2619 gayn
286 2581 320 2609 et
344 2581 435 2608 votre
459 2577 600 2616 damage
627 2586 711 2615 pour
735 2586 788 2607 es-

174 2624 349 2663 chaungez
364 2623 405 2654 de
422 2632 579 2662 moneyes
593 2632 636 2653 ou
655 2631 717 2662 par
731 2631 788 2653 ex-

175 2671 303 2702 actions
335 2680 378 2701 ou
410 2678 471 2709 par
502 2668 668 2699 maltoltes
698 2668 789 2699 nient

174 2716 271 2747 dues.
321 2715 393 2746 Kar
408 2715 442 2746 la
459 2714 550 2746 Dieu
567 2723 678 2753 mercy
693 2723 789 2744 assez

173 2772 287 2794 avoms
318 2771 403 2801 pour
429 2764 520 2792 notre
544 2764 650 2792 estate
674 2769 788 2799 meyn-

172 2813 277 2846 tener,
292 2818 385 2847 eyms
396 2808 520 2838 voloms
536 2816 620 2838 nous
637 2809 789 2845 sugettez

237 2884 341 2914 VOL.
371 2884 422 2914 ll.

827 791 868 813 en
883 785 975 812 tantz
986 791 1052 822 que
1063 791 1148 813 nous
1160 792 1298 822 pouems
1313 792 1443 822 eyeser,

826 831 860 858 et
883 827 935 859 lez
960 827 1096 859 libertes
1122 831 1156 859 et
1177 828 1230 859 lez
1253 829 1442 869 priveleges

825 873 868 904 de
891 876 990 913 seynt
1011 874 1117 913 eglise
1133 877 1326 914 meyntener
1340 878 1374 906 et
1388 884 1441 906 es-

825 919 1025 958 pecialment
1034 919 1193 951 defendre
1203 929 1224 951 a
1240 924 1332 951 notre
1341 930 1440 960 poer3

823 968 857 996 et
883 965 913 996 si
940 965 1066 996 voloms
1098 968 1172 996 tout
1205 965 1286 996 foith
1318 975 1355 998 es
1381 967 1441 997 bo-

825 1011 959 1050 soignes
974 1011 1017 1042 de
1042 1011 1166 1043 realme
1183 1012 1278 1043 avoir
1297 1014 1331 1043 et
1345 1021 1440 1043 sevre

824 1057 908 1088 bone
929 1057 1075 1088 conseile
1101 1057 1144 1089 de
1163 1058 1266 1097 piers,
1282 1058 1440 1098 prelates,

823 1103 952 1142 nobles,
964 1106 998 1134 et
1007 1107 1123 1134 autrez
1138 1113 1249 1144 sages,
1260 1113 1345 1135 nous
1357 1104 1441 1137 feals

824 1158 865 1180 en
874 1149 926 1180 dit
936 1149 1072 1189 realme,
1081 1158 1185 1180 saunz
1197 1150 1267 1181 rien
1277 1150 1440 1190 sodeyne-

823 1199 913 1226 ment
933 1206 976 1227 ou
992 1195 1270 1227 voluntairement
1289 1195 1372 1227 faire
1394 1206 1438 1227 ou

823 1250 1005 1273 comenser.
1052 1241 1097 1272 Et
1119 1252 1203 1273 vous
1218 1242 1326 1273 dioms
1341 1252 1363 1273 a
1381 1242 1439 1273 de-

823 1290 930 1319 certes
945 1297 1010 1327 que
1035 1297 1120 1319 nous
1143 1288 1330 1327 desyrauns
1344 1298 1438 1320 sove-

823 1337 996 1372 reynment
1024 1343 1090 1373 que
1121 1333 1214 1365 Dieu
1251 1343 1312 1374 par
1345 1338 1438 1365 notre

822 1379 973 1419 travayle
997 1383 1030 1411 et
1052 1380 1094 1411 de
1117 1379 1200 1411 bone
1221 1383 1319 1420 gentz
1331 1384 1440 1421 meyst

824 1435 904 1465 pees
919 1429 952 1457 et
967 1435 1083 1457 amour
1101 1428 1193 1457 entre
1213 1425 1389 1465 Cristiens,
1404 1430 1438 1458 et

823 1475 1010 1503 nomement
1031 1475 1123 1503 entre
1145 1481 1242 1511 nous,
1257 1472 1356 1504 issint
1369 1482 1434 1512 que

823 1527 869 1548 un
893 1527 983 1549 arme
1005 1517 1048 1549 de
1071 1518 1254 1549 Cristienes
1277 1528 1314 1550 se
1339 1528 1439 1558 pour-

823 1566 895 1595 rent
910 1563 994 1595 faire
1011 1573 1052 1594 en
1068 1563 1144 1595 hast
1158 1564 1276 1595 devers
1293 1565 1325 1596 le
1336 1565 1437 1596 Terre

822 1609 945 1648 Seynte
981 1619 1068 1649 pour
1103 1610 1138 1641 la
1174 1610 1339 1642 deliverer
1375 1610 1438 1642 dez

822 1665 939 1695 meyns
961 1655 1022 1686 des
1046 1665 1272 1695 mescreauns,
1296 1665 1318 1687 a
1339 1656 1438 1695 quele

822 1701 922 1733 chose
953 1701 986 1732 al
1009 1701 1095 1740 eyde
1118 1701 1210 1733 Dieu
1235 1711 1319 1733 nous
1343 1711 1440 1742 espe-

823 1757 922 1780 roms.
946 1747 991 1778 Et
1006 1747 1100 1778 volez
1108 1748 1266 1779 entendre
1278 1758 1345 1787 que
1355 1758 1439 1779 nous

823 1803 937 1825 avoms
953 1796 1069 1825 sovent
1084 1794 1228 1825 maunde
1251 1794 1284 1824 al
1307 1794 1358 1825 dit
1373 1794 1439 1827 sire

825 1839 940 1879 Philip
951 1840 1110 1881 plusours
1125 1840 1321 1871 resonablez
1335 1850 1439 1881 voyez

822 1886 865 1917 de
881 1895 975 1925 pees,
990 1895 1061 1917 mes
1083 1886 1108 1916 il
1131 1886 1198 1917 nad
1215 1886 1292 1917 volu
1307 1890 1440 1917 asenter

822 1931 912 1963 nulle
928 1931 987 1963 tiel
1003 1941 1086 1970 voye
1106 1931 1190 1963 faire
1208 1941 1230 1963 a
1244 1941 1341 1971 nous,
1356 1942 1439 1971 eyns

822 1987 906 2009 nous
922 1977 966 2010 ad
981 1977 1155 2017 degwerre
1170 1980 1204 2009 et
1221 1987 1306 2010 nous
1324 1978 1439 2017 altres,

821 2027 855 2054 et
878 2033 914 2054 se
936 2023 1058 2054 afforce
1080 2032 1101 2054 a
1123 2032 1208 2054 nous
1231 2023 1359 2054 defaire
1382 2033 1438 2055 en-

821 2070 975 2100 tier-ment
999 2078 1021 2100 a
1045 2078 1125 2100 seon
1148 2078 1240 2109 poer.
1288 2069 1334 2100 Et
1355 2079 1438 2109 ensy

822 2125 938 2147 sumus
968 2115 1072 2146 chace
1102 2124 1163 2156 per
1200 2115 1364 2146 necessite
1394 2115 1437 2149 de

822 2171 906 2192 nous
922 2161 1092 2200 defendre‚
1108 2163 1142 2192 et
1164 2170 1249 2192 nous
1271 2161 1438 2195 droitures

823 2207 1047 2247 pourchaser;
1067 2210 1101 2238 et
1120 2210 1329 2246 verreyment
1350 2217 1435 2239 nous

821 2263 863 2285 ne
892 2262 1063 2294 querroms
1093 2262 1168 2293 mye
1199 2253 1366 2284 mortalite
1395 2263 1436 2284 ne

821 2302 1126 2339 empoverosement
1145 2299 1186 2329 de
1207 2299 1340 2339 poeple‚
1354 2309 1436 2338 eyns

822 2345 1004 2377 deseiroms
1029 2354 1095 2384 que
1118 2353 1179 2376 eus
1194 2348 1228 2376 et
1245 2345 1320 2376 lour
1343 2345 1438 2376 biens

823 2395 940 2431 soyent
956 2400 1092 2423 sauvez.
1128 2390 1197 2422 Par
1213 2391 1294 2430 quoi
1310 2391 1436 2423 voloms

823 2441 856 2469 et
871 2439 1039 2478 grantoms
1054 2436 1097 2468 de
1121 2439 1214 2468 notre
1239 2437 1322 2468 bone
1339 2446 1438 2477 grace

822 2487 856 2515 et
877 2483 920 2514 de
935 2483 1056 2514 bounte
1074 2492 1140 2522 que
1156 2484 1248 2514 toutz
1272 2482 1326 2514 lez
1341 2486 1438 2523 gentz

822 2529 868 2560 du
892 2529 942 2560 dit
965 2528 1100 2568 realme,
1115 2528 1157 2559 de
1181 2528 1260 2568 quel
1283 2532 1371 2560 estat
1392 2539 1437 2560 ou

824 2575 999 2607 condicion
1014 2575 1080 2614 qils
1102 2577 1230 2614 soyent,
1247 2584 1283 2606 se
1304 2575 1440 2606 voloune.

823 2621 980 2653 adrescer
993 2630 1014 2651 a
1029 2630 1114 2651 nous
1125 2629 1218 2651 come
1229 2630 1314 2651 nous
1329 2620 1439 2652 chiers

823 2671 856 2698 et
886 2676 970 2698 nous
994 2666 1093 2707 feals,
1112 2666 1235 2697 sicome
1258 2666 1311 2698 lez
1332 2667 1439 2698 bonez

824 2717 920 2753 gentz
936 2713 978 2744 de
995 2721 1079 2752 pays
1094 2712 1136 2743 de
1154 2711 1343 2744 Flaundrez
1358 2717 1440 2744 ount

823 2760 895 2799 fait,
918 2769 959 2790 en
985 2758 1126 2798 regan-de
1149 2758 1192 2789 de
1215 2758 1306 2789 Dieu
1335 2762 1369 2789 et
1395 2758 1437 2794 de

825 2809 915 2837 notre
941 2805 1039 2844 droit,
1074 2807 1108 2835 et
1137 2814 1221 2836 nous
1244 2808 1438 2841 'reconustre

1213 2882 1237 2910 Z

1410 492 1419 500 .
1477 472 1510 497 A.
1525 470 1558 496 n.
1574 472 1648 507 ¹³⁴0·

1304 503 1443 532 couu‘
1460 523 1614 548 Manifesto
1630 523 1662 548 os

1426 558 1441 598 i
1461 556 1538 587 King
1549 557 1606 582 Ed·

1458 590 1534 614 ward
1544 591 1643 614 assert-

1458 622 1508 653 ing
1519 621 1563 647 his
1577 621 1640 646 title

1459 658 1488 680 to
1498 656 1548 680 the
1559 661 1651 680 crown

1458 689 1489 714 or
1498 689 1614 714 Frsuce.
