2038 3306
479 309 704 341 wilm-nm
736 310 800 340 ns
830 309 1210 341 usumcnuncn.
1370 299 1459 341 217

198 412 330 455 culis.
388 413 654 468 Volensque
676 416 921 470 episcopus
943 416 1038 458 cito
1059 428 1089 457 a
1111 416 1241 458 curia
1260 415 1459 465 liberari,

197 478 486 522 familiariter
506 482 725 535 exposuit
755 481 940 523 domino
964 495 1099 537 papae
1123 487 1285 524 votum
1307 493 1461 530 suum,

199 546 400 599 qualiter
430 560 460 588 a
491 548 600 589 vitae
632 561 730 590 suae
765 548 1028 602 primordiis
1060 561 1197 590 cruce
1232 548 1462 601 signatus,

198 612 436 664 negotium
464 613 622 655 Terrae
642 614 829 656 Sanctae
852 614 1158 668 personaliter
1179 620 1227 656 et
1250 614 1300 655 in
1319 627 1463 668 expe-

200 677 373 720 ditione
411 680 601 721 militari
635 693 905 735 promovere
942 680 1186 735 disposuit.
1257 680 1317 722 Et
1352 681 1465 734 quia

199 745 370 786 multas
392 745 592 788 habebat
613 751 759 788 terras
786 759 847 788 ex
878 747 1150 800 perquisito,
1173 746 1312 788 etiam
1336 746 1463 800 plus-

200 823 340 864 quam
369 811 462 853 duo
484 812 609 853 mille
630 817 679 854 et
701 812 980 866 quingentas
1005 816 1255 862 marcatas,
1278 825 1397 866 quas
1416 813 1465 854 in

199 876 302 929 ipso
333 877 520 930 negotio
559 877 821 932 expendere
858 879 1177 931 proponebat3
1221 883 1268 919 et
1309 890 1465 920 comes

199 941 258 982 de
278 941 525 994 Cornubia,
542 944 677 998 cujus
696 948 797 985 erat
816 943 1083 998 principalis
1103 948 1339 993 executor,
1362 944 1464 985 the-

199 1020 387 1049 saurum
408 1009 647 1062 legaverat
666 1009 725 1051 ad
743 1010 1062 1051 inveniendum
1092 1015 1279 1051 centum
1294 1009 1464 1052 milites

200 1087 282 1127 per
324 1087 494 1116 annum
537 1077 803 1117 continuum
851 1081 1013 1118 contra
1063 1075 1271 1117 inimicos
1313 1077 1465 1118 crucis

202 1139 403 1192 Christi3
450 1141 585 1195 petiit
615 1142 780 1183 breves
811 1142 1035 1192 inducias,
1069 1148 1124 1184 ut
1158 1147 1308 1183 terras
1342 1155 1463 1196 prae-

200 1205 349 1248 dictas
389 1207 639 1249 venditioni
675 1214 946 1262 exponeret,
983 1213 1031 1250 et
1064 1209 1322 1250 necessaria
1356 1222 1463 1262 pro-

200 1272 378 1314 videret
410 1286 495 1327 pro
527 1287 577 1315 se
611 1278 659 1316 et
690 1275 909 1315 trecentis
940 1274 1164 1315 militibus
1194 1274 1464 1316 transfreta-

201 1339 318 1379 turis
348 1352 516 1389 secum,
542 1346 588 1381 et
626 1341 886 1394 sumptibus
917 1340 1015 1381 suis
1043 1341 1355 1394 permansuris
1381 1354 1465 1394 per

201 1411 295 1445 tros
331 1417 479 1447 annos
508 1406 751 1447 continuos
780 1406 828 1448 in
846 1406 994 1448 Terra
1016 1406 1205 1448 Sancta.
1274 1406 1462 1449 Placuit

200 1470 385 1512 domino
416 1484 551 1525 papae
582 1472 843 1525 promissio,
872 1485 928 1514 eo
951 1473 1074 1526 quod
1105 1472 1233 1514 cordi
1263 1471 1464 1515 babebat

199 1536 357 1578 Terrae
380 1536 565 1579 Sanctae
584 1538 836 1591 negotium,
859 1543 907 1579 et
939 1538 1195 1580 licentiavit
1226 1551 1348 1589 eum,
1370 1544 1463 1580 ter-

199 1602 374 1644 minum
394 1608 601 1645 statuens
624 1604 761 1645 unius
781 1604 892 1645 anni
914 1610 967 1645 ut
989 1604 1078 1645 iter
1098 1604 1321 1658 arriperet
1341 1606 1464 1658 quod

200 1669 501 1722 promiserat;
547 1670 823 1724 reliquitque
856 1676 1201 1724 procuratorem
1239 1670 1287 1712 iu
1320 1671 1465 1721 curia,

201 1735 279 1788 qui
300 1748 402 1776 cum
431 1736 582 1789 priore
608 1736 921 1778 contenderet.
993 1736 1056 1778 Et
1075 1737 1358 1778 evisceratus
1384 1751 1466 1791 pe-

201 1802 338 1843 cunia
369 1802 502 1855 quasi
530 1815 669 1843 manu
698 1815 847 1844 vacua
877 1815 1090 1843 reversus
1109 1807 1195 1853 ost,
1225 1809 1326 1844 erat
1346 1804 1467 1845 enim

202 1866 338 1909 homo
382 1867 717 1920 magnanimis‚¹
762 1881 854 1909 non
911 1881 1105 1922 parcens
1154 1870 1363 1922 pecuniae
1414 1875 1468 1912 ut

201 1939 557 1987 consequeretur
579 1940 754 1978 votum.
826 1934 1074 1988 Coepitque
1097 1947 1222 1976 nova
1243 1935 1395 1977 facere
1418 1936 1465 1976 in

203 1999 488 2053 episcopatu,
510 2007 557 2042 et
586 2000 796 2042 inaudita
818 2013 1039 2055 quaerere,
1069 2002 1138 2042 ita
1166 2001 1289 2054 quod
1318 2001 1465 2042 insur-

205 2072 423 2107 rexerunt
443 2066 490 2107 in
514 2079 618 2108 eum
641 2067 775 2120 quasi
801 2079 959 2108 omnes
987 2066 1149 2108 incolae
1172 2079 1257 2119 pro
1278 2066 1466 2108 liberta-

203 2131 326 2172 tibus
376 2133 472 2172 suis
515 2131 825 2173 defendendis.
906 2132 1324 2185 Deposueruntque
1374 2132 1464 2174 sre-

206 2203 399 2250 quenter
416 2197 475 2238 ad
498 2197 732 2239 dominum
750 2210 904 2250 regem
926 2197 1222 2238 multimodas
1239 2198 1464 2251 querelas,

206 2269 463 2315 quaerentes
487 2263 585 2305 fieri
609 2276 692 2317 per
714 2276 819 2305 eum
842 2264 1041 2318 justitiae
1064 2263 1465 2317 complementum,

204 2342 289 2370 nec
311 2330 493 2371 curavit
514 2330 773 2383 episcopus,
794 2335 984 2383 propter
1001 2329 1125 2383 quod
1146 2329 1359 2371 domiuus
1382 2344 1463 2372 rex

206 2396 352 2448 primo
385 2408 570 2449 rogans,
593 2395 792 2437 secundo
822 2395 1087 2444 exhortans,
1112 2396 1249 2437 tertio
1277 2397 1466 2437 commi·

204 2462 355 2503 nando
377 2462 662 2515 praecipieus,
687 2462 773 2502 sub
794 2473 935 2515 poena
958 2461 1201 2515 perdendae
1223 2462 1468 2513 libertatis,

203 2528 405 2581 scripsit,
427 2533 480 2569 ut
500 2529 560 2569 ab
581 2527 763 2582 injuriis
792 2533 995 2569 cessaret
1017 2533 1064 2569 et
1088 2527 1308 2581 populum
1332 2541 1467 2583 suqm

200 2593 328 2647 juste
368 2599 547 2646 regeret
577 2593 711 2635 modo
746 2599 985 2635 consueto.
1056 2593 1230 2635 Verum
1254 2594 1364 2647 quia
1385 2594 1468 2636 do-

206 2660 355 2700 minus
407 2660 654 2714 episcopus
708 2672 890 2713 semper
948 2672 1051 2701 cum
1105 2659 1469 2702 dissimulatione

463 2807 470 2824 ¹
494 2808 550 2839 An
564 2818 761 2840 uncommon
777 2809 860 2841 form
876 2810 928 2841 sor
942 2810 1219 2850 ‘magnanimum'

1500 427 1620 453 Evam
1633 426 1658 452 1.

1494 462 1530 487 A.
1542 461 1577 486 Ι).
1592 461 1668 485 1³01.

1479 516 1648 541 Dinemion

1479 550 1606 574 between
1615 549 1666 574 the

1479 582 1588 614 Bisbop
1600 581 1658 607 and

1481 616 1561 641 Prior
1570 615 1605 640 of

1481 649 1623 675 Dum.
