2038 3306
554 350 643 393 426
674 362 953 393 cHRomcoN
985 361 1211 394 WALTBRJ
1245 363 1307 394 DE
1338 363 1714 396 HBMINGBURGH.

342 474 464 533 Essj'ssf‘ss
469 474 539 533 3231·-
556 465 804 516 trahentes,
829 466 1033 507 votivum
1065 465 1279 508 affectum
1307 479 1398 509 non
1421 467 1615 509 habetis.
1686 466 1812 519 Quo-

343 563 420 594 m„
432 562 485 588 m,
556 532 679 574 circa
706 532 957 574 deliberato
984 533 1234 586 proposito,
1262 545 1321 574 ex
1351 545 1443 587 quo
1472 533 1734 575 conflictum
1765 534 1812 574 in

342 595 529 654 gffisslssffg
557 598 825 640 immensum
870 598 1177 640 desideratum
1217 599 1437 652 consequi
1475 611 1566 639 non
1605 599 1811 640 valemus

341 661 639 727 ‘ffffigtffifflhper
660 677 850 718 regnum
880 667 1086 705 nostrum
1121 664 1400 706 antedictum
1431 669 1720 707 transeuntes
1754 665 1812 706 ad

558 729 909 772 confortandum
936 730 1108 772 amicos
1132 734 1314 772 nostros
1335 734 1381 772 et
1401 729 1573 780 fideles,
1597 730 1655 771 ad
1678 731 1813 772 casti-

557 795 757 849 gandum
796 800 979 837 nostros
1018 796 1210 838 rebelles
1252 808 1369 850 quos
1402 795 1571 850 injuste
1605 795 1813 837 subditos

559 867 738 904 vestros
778 862 1007 910 asseritis3
1047 866 1093 904 et
1125 862 1173 903 in
1203 862 1327 904 dicto
1357 874 1500 915 regno
1535 867 1694 904 nostro
1726 875 1810 915 pro

557 927 848 982 expeditione
883 941 1062 981 guerrae
1095 932 1265 970 nostrae
1293 928 1510 970 continue
1543 928 1712 969 morari
1741 928 1812 969 in-

560 995 790 1036 tendimus
814 994 873 1035 ad
903 994 1054 1049 majus
1083 995 1227 1036 nostri
1254 994 1541 1036 commodum
1568 1007 1660 1048 quo
1689 994 1814 1035 vale·

559 1073 676 1111 mus,
707 1065 754 1102 et
782 1060 925 1102 vestri
955 1060 1169 1102 damnum
1200 1065 1247 1102 et
1274 1060 1510 1102 rebellium
1536 1065 1813 1102 nostrorum.

559 1126 608 1168 Si
637 1127 757 1169 enim
784 1126 1070 1168 voluntatem
1102 1126 1424 1180 congrediendi
1450 1131 1612 1168 contra
1637 1138 1737 1175 noS,
1767 1131 1815 1167 et

558 1205 674 1246 quos
716 1191 923 1233 subditos
968 1196 1148 1233 vestros
1193 1191 1397 1233 asseritis
1444 1191 1600 1233 salvos
1645 1191 1813 1241 facere,

557 1259 677 1299 sicut
726 1270 809 1311 per
857 1257 1013 1298 literas
1055 1262 1234 1299 vestras
1273 1269 1496 1311 apparere
1531 1257 1726 1307 videtur,
1766 1257 1814 1298 in

558 1324 774 1377 praesenti
807 1323 864 1364 de
902 1322 1027 1364 facto
1057 1327 1312 1366 monstrare
1350 1323 1538 1371 valetis;
1573 1323 1676 1365 Deo
1704 1335 1815 1365 vero

561 1390 778 1444 propitio,
800 1402 935 1443 quem
956 1402 1040 1442 pro
1061 1390 1291 1430 communi
1307 1389 1668 1431 Christianitatis
1689 1402 1812 1431 com-

559 1456 695 1497 modo
730 1468 905 1497 summe
940 1455 1224 1506 affectamuS,
1256 1455 1314 1497 ad
1351 1455 1652 1497 resistendum
1683 1456 1814 1497 vobis

558 1523 606 1563 in
640 1535 820 1576 campo,
849 1521 889 1562 si
921 1522 1155 1572 veneritis,
1191 1534 1275 1563 nos
1312 1534 1492 1576 semper
1527 1526 1717 1575 paratos
1747 1521 1816 1562 in-

560 1588 766 1638 venietis,
790 1601 849 1629 ex
871 1600 964 1642 quo
990 1588 1164 1629 nullam
1194 1588 1511 1630 rationabilem
1542 1589 1670 1641 pacis
1691 1587 1813 1629 viam

560 1658 761 1696 tractare
791 1653 1042 1707 dignamini
1082 1666 1166 1695 nec
1200 1660 1456 1707 acceptare.
1521 1653 1693 1714 'Quoad
1728 1653 1815 1695 hoc

560 1720 680 1761 enim
709 1720 828 1773 quod
869 1720 1000 1760 nobis
1037 1719 1188 1761 locum
1216 1724 1263 1761 et
1294 1719 1415 1761 diem
1438 1720 1546 1761 belli
1581 1720 1817 1773 assignare

561 1785 842 1834 decrevistis,
865 1785 1061 1827 consulti
1081 1798 1171 1826 non
1193 1798 1367 1836 sumus,
1396 1798 1480 1827 nec
1503 1785 1714 1827 volumus
1735 1798 1817 1839 per

562 1864 644 1894 vos
679 1852 849 1901 taxari,
884 1864 968 1893 nec
1001 1852 1086 1892 sub
1121 1852 1459 1893 conditionibus
1494 1852 1725 1905 praedictis
1760 1852 1817 1892 de

563 1919 692 1959 vobis
720 1918 871 1959 locum
896 1921 943 1958 et
975 1917 1095 1958 diem
1118 1917 1227 1958 belli
1255 1922 1512 1970 acceptare,
1547 1917 1626 1959 sed
1655 1930 1817 1959 secun·

562 1982 668 2025 dum
688 1983 873 2025 modum
898 1987 1104 2024 nostrum
1127 1984 1363 2037 proprium
1391 1988 1438 2024 et
1466 1984 1663 2036 gratiam
1686 1983 1817 2025 nobis

563 2062 591 2090 a
611 2050 713 2091 Deo
740 2050 974 2099 collatam,
1006 2049 1127 2090 sicut
1155 2062 1238 2090 rex
1263 2049 1312 2090 in
1341 2062 1426 2090 suo
1445 2062 1587 2103 regno
1617 2054 1817 2091 nosmet-

562 2116 687 2169 ipsos
723 2121 885 2157 taxare
915 2115 1127 2157 volumus
1160 2120 1206 2156 et
1231 2115 1455 2157 ordinare.
1525 2115 1698 2157 Datum
1731 2116 1818 2156 sub

565 2182 719 2235 sigillo
738 2187 895 2224 nostro
918 2193 1001 2223 xv.
1026 2182 1099 2222 die
1120 2181 1340 2234 Augusti,
1365 2194 1486 2223 anno
1513 2182 1644 2235 regni
1672 2182 1818 2223 nostri

566 2248 774 2290 Franciae
798 2248 1008 2302 septimo,
1030 2252 1076 2289 et
1096 2246 1279 2301 Angliae
1301 2248 1532 2290 vicesimo.

566 2385 578 2402 ‘
595 2380 659 2422 De
678 2379 796 2422 Bello
813 2380 921 2422 inter
939 2380 1066 2436 Beyes
1083 2379 1249 2434 Anyliae
1267 2378 1522 2466 etlFranoiae
1544 2378 1661 2434 apud
1682 2378 1823 2433 Oressy

1054 2445 1288 2487 mmmmm?

613 2608 621 2626 ¹
648 2608 799 2642 Omitted
815 2610 850 2640 in
866 2609 966 2641 MSS.
984 2609 1071 2642 Coll.
1085 2609 1178 2640 Triu.
1196 2608 1236 2640 R.
1254 2611 1286 2649 5,
1303 2611 1356 2648 10,
1373 2607 1439 2639 and
1455 2607 1587 2639 Cotton,
1605 2606 1698 2638 Nero
1715 2606 1762 2639 D.
1775 2607 1811 2639 ii.
