2038 3306
385 438 504 465 naimo
523 439 546 465 1.

383 474 417 498 Δ.
426 473 461 498 1).
474 472 548 498 129⁷.

367 527 468 553 Affalrt
480 527 511 552 or

367 561 496 586 Scotland
501 579 507 587 .

372 1032 446 1063 Aug.
461 1032 501 1056 10.

384 2144 471 2175 Many
484 2142 514 2168 of
523 2143 573 2168 the

382 2176 505 2202 Scottish

384 2210 482 2235 nobles

381 2242 498 2269 submit.

584 312 669 355 132
1067 321 1346 352 cmmmcon

584 427 700 470 alter
720 439 829 468 vero
858 425 913 467 de
943 424 1212 479 Badenagh,
1246 439 1431 467 suorum
1464 425 1639 467 animos
1662 429 1840 465 mutare

585 507 675 535 non
700 493 870 541 valens,
892 491 1060 533 mansit
1089 504 1191 532 cum
1224 492 1409 541 nostris,
1439 491 1602 533 saltem
1635 503 1842 544 corpore,

583 560 735 600 nescio
769 563 920 599 tamen
951 562 1104 598 utrum
1134 557 1237 599 fide.
1307 557 1472 599 Comes
1508 570 1617 599 vero
1649 556 1706 598 de
1725 556 1840 597 Wa-

583 638 736 674 renna,
771 624 827 665 de
864 623 1085 665 comitatu
1121 623 1323 664 Eborum
1360 622 1611 664 exercitum
1652 635 1842 675 congre-

583 703 711 745 gans,
746 690 968 744 praemisit
1004 689 1184 731 interim
1216 693 1323 730 ante
1351 701 1402 730 se
1433 693 1680 741 cognatum
1707 700 1840 728 suum

584 756 814 798 dominum
855 754 1110 796 Henricum
1146 755 1202 796 de
1239 754 1403 808 Percy‚
1440 754 1520 807 qui
1563 757 1842 806 congregato

584 822 790 864 exercitu
813 821 1058 862 comitatus
1082 820 1392 870 Carliolensis,
1410 819 1595 862 Vallem
1617 817 1842 860 Auandiae

585 889 817 942 ingressus
855 892 926 929 est
957 900 1059 929 cum
1092 887 1308 929 trecentis
1339 886 1543 935 armatis,
1567 890 1614 926 et
1645 884 1842 938 quadra-

586 954 716 1007 ginta
746 953 946 994 millibus
982 953 1185 1007 peditum
1221 953 1485 1002 electorum,
1518 952 1640 992 circa
1674 951 1842 992 festum

588 1020 711 1061 beati
730 1019 970 1060 Laurentii
993 1019 1220 1073 martyris.
1268 1018 1477 1072 Cumque
1494 1021 1843 1071 pernoctassent

585 1085 729 1126 nostri
768 1084 891 1138 apud
932 1083 1264 1138 Loghmaban,¹
1303 1097 1391 1125 uon
1429 1084 1641 1125 timentes
1677 1083 1763 1124 sibi
1796 1083 1842 1123 in

586 1151 755 1205 aliquo,
777 1163 883 1192 ecce
903 1150 1065 1192 incolae
1086 1150 1292 1204 ejusdem
1312 1150 1491 1203 patriae,
1512 1162 1590 1190 eos
1614 1153 1845 1190 exterrere

587 1217 810 1265 volentes,
841 1215 972 1269 quasi
1002 1220 1135 1256 nocte
1172 1215 1322 1257 media
1357 1215 1722 1264 conclamabant,
1754 1227 1842 1255 non

588 1281 771 1334 quidem
793 1281 1023 1322 Philistiui
1044 1281 1124 1322 sed
1149 1285 1179 1303 “
1195 1281 1321 1322 Scoti
1340 1293 1479 1334 super
1499 1280 1625 1322 vos.''
1695 1279 1761 1321 At
1779 1280 1846 1320 illi

588 1352 821 1389 currentes
850 1346 909 1388 ad
937 1359 1080 1394 arma,
1102 1360 1210 1388 mox
1241 1347 1555 1400 unusquisque
1585 1346 1770 1387 domum
1800 1346 1847 1386 in

589 1426 682 1467 qua
710 1417 942 1454 manserat
975 1413 1182 1454 accendit
1203 1413 1315 1466 igni,
1339 1418 1386 1454 et
1410 1412 1673 1465 conglobati
1702 1412 1843 1453 conti·

589 1492 679 1520 nuo
696 1483 981 1520 recesserunt
993 1492 1095 1520 cum
1109 1479 1301 1530 lumine;
1322 1479 1604 1532 profectique
1621 1482 1728 1519 sunt
1742 1478 1849 1518 inde

589 1552 671 1598 per
684 1545 886 1586 modicas
901 1544 1048 1586 dietas
1064 1557 1210 1598 usque
1231 1545 1387 1586 villam
1404 1545 1460 1586 de
1482 1544 1574 1586 Are
1587 1545 1729 1599 juxta
1750 1543 1848 1585 Ga-

590 1610 832 1660 lewaliam,
851 1615 904 1652 ut
925 1611 981 1651 ad
1003 1623 1160 1664 pacem
1184 1611 1477 1652 admitterent
1498 1610 1848 1652 Galwalienses.

593 1675 800 1729 Cumque
821 1689 911 1718 non
932 1677 1164 1718 venissent
1185 1677 1272 1718 nisi
1294 1677 1428 1730 pauci
1457 1682 1709 1731 equestres,
1731 1689 1848 1716 nun-

591 1742 762 1783 ciatum
784 1747 854 1783 est
876 1743 942 1783 eis
956 1747 1067 1795 ‚post
1087 1743 1288 1783 triduum
1310 1742 1432 1796 quod
1455 1743 1694 1784 Scotorum
1714 1755 1846 1783 exer-

592 1808 710 1849 citus
748 1821 839 1850 non
877 1808 1077 1849 distabat
1114 1809 1172 1849 ab
1207 1808 1272 1849 eis
1309 1809 1397 1849 nisi
1433 1809 1584 1862 spatio
1618 1808 1849 1849 leucarum

594 1879 806 1926 quatuor.
875 1872 942 1916 At
964 1873 1031 1914 illi
1054 1884 1230 1916 summo
1259 1887 1391 1915 mane
1423 1879 1575 1915 castra
1601 1878 1850 1923 moventes,

596 1940 770 1992 egressi
790 1943 898 1981 sunt
918 1940 964 1980 in
984 1952 1195 1993 campum
1209 1940 1351 1994 juxta
1369 1940 1567 1994 Irewyn‚
1589 1940 1852 1981 ordinantes

596 2005 847 2047 exercitum
887 2010 933 2047 et
976 2005 1034 2047 ad
1077 2005 1245 2047 bellum
1288 2019 1337 2047 se
1376 2011 1619 2060 parantes;
1661 2011 1854 2058 eratque

596 2069 837 2112 Scotorum
859 2071 1088 2112 exercitus
1108 2084 1167 2113 ex
1187 2078 1319 2124 parte
1342 2071 1486 2113 altera
1508 2071 1744 2126 cujusdam
1766 2071 1854 2112 laci

598 2135 777 2185 modici,
796 2140 842 2178 et
862 2141 1022 2177 mutuo
1042 2149 1092 2178 se
1112 2137 1341 2179 videbant.
1392 2137 1599 2192 Cumque
1618 2142 1856 2190 magnates

599 2201 841 2243 Scotorum
886 2202 965 2255 qui
1016 2202 1079 2244 ibi
1129 2202 1335 2252 aderant,
1393 2204 1634 2257 episcopus
1681 2203 1856 2244 scilicet

600 2266 923 2320 Glasguensis,
963 2268 1243 2310 senescallus
1282 2269 1466 2319 Scotiae,
1510 2274 1556 2311 et
1595 2269 1857 2311 Willelmus

604 2333 799 2385 Duglas,
838 2333 1043 2376 viderent
1087 2346 1136 2375 se
1185 2346 1285 2375 esse
1328 2335 1526 2388 impares
1567 2335 1856 2389 equestribus

600 2400 784 2448 nostris,
815 2398 923 2440 licet
952 2399 1185 2453 pedestres
1212 2404 1393 2441 nostros
1420 2401 1466 2441 in
1496 2401 1637 2454 duplo
1667 2400 1858 2442 excede-

599 2470 715 2514 rent,
736 2465 986 2507 timuerunt
1005 2465 1108 2515 sibi,
1129 2471 1190 2514 et,
1211 2466 1363 2506 missis
1385 2467 1560 2507 nunciis
1582 2466 1637 2507 ad
1661 2471 1858 2516 nostros,

598 2530 826 2584 petierunt
862 2535 1013 2573 utrum
1052 2536 1171 2572 esset
1197 2531 1260 2572 ibi
1294 2531 1461 2585 aliquis
1487 2545 1543 2573 ex
1578 2537 1708 2585 parte
1736 2532 1857 2584 regis

600 2594 782 2648 Angliae
805 2596 882 2649 qui
911 2609 989 2638 eos
1019 2596 1075 2638 ad
1106 2609 1266 2650 pacem
1302 2598 1504 2650 recipere
1537 2599 1724 2651 posset?
1796 2597 1856 2638 Et

600 2674 819 2714 responso
876 2662 998 2715 quod
1054 2662 1135 2712 sic,
1192 2662 1431 2704 confestim
1493 2663 1550 2704 ad
1602 2676 1680 2704 eos
1730 2663 1855 2705 venit

632 2804 639 2820 ¹
668 2805 891 2846 Lochmaben,
902 2817 923 2838 a
938 2808 1031 2847 royal
1045 2807 1195 2848 borough
1211 2807 1357 2839 situated
1375 2808 1409 2839 in
1425 2807 1481 2839 the
1497 2808 1587 2839 shire
1603 2808 1641 2839 of
1652 2808 1838 2840 Dumfries.
