2038 3306
315 414 435 441 deard
447 414 472 442 1.

314 449 349 474 Δ.
361 448 395 474 D.
410 449 485 474 1³05.

301 503 457 530 Ecclesiu-

299 536 365 562 tica!
376 536 481 563 affairs.

307 1467 443 1500 Iliensi-d,

307 1502 386 1527 Prior
397 1501 430 1526 ol

308 1535 448 1566 Durham,

307 1568 382 1593 cited
394 1570 425 1593 to

308 1601 410 1628 Rome·

509 291 596 333 244
996 301 1274 332 cunomcou

514 401 725 445 mulctati
745 406 870 443 sunt.
939 401 1049 455 Ipse
1072 415 1180 445 vero
1212 403 1452 458 episcopus
1482 403 1651 444 citatus
1684 407 1771 452 est,

517 475 568 511 ut
591 481 743 510 coram
767 467 952 509 domino
982 480 1089 521 rege
1113 482 1252 522 super
1281 469 1473 511 diversis
1501 469 1586 510 sibi
1610 468 1770 523 objici-

517 535 643 576 endis
683 538 811 576 certo
855 533 928 574 die
975 534 1274 587 personaliter
1313 534 1621 588 responderet.
1711 534 1773 575 Et

518 602 626 655 quia
643 600 796 642 venire
817 600 1106 652 contempsit,
1127 604 1189 650 et,
1209 600 1469 653 irrequisito
1483 614 1607 653 rege,
1623 605 1772 642 trans-

515 667 702 708 fretavit
726 666 784 707 ad
805 678 988 719 papam,
1010 678 1112 706 cum
1143 665 1353 707 dominus
1383 679 1466 707 rex
1494 666 1594 720 ejus
1623 671 1772 707 trans-

517 732 806 774 fretationem
853 731 1129 782 inhibuerat,
1174 736 1312 785 capta
1350 736 1421 773 est
1459 731 1647 773 libertas
1690 742 1775 772 sua

518 798 723 840 ecclesiae
777 797 1102 839 Dunolmensis
1150 797 1431 852 judicialiter
1486 798 1532 838 in
1590 809 1774 837 manum

518 864 688 906 domini
710 863 857 916 regis;
893 863 1138 917 posuitque
1167 876 1250 904 rex
1279 863 1342 904 ibi
1366 863 1643 917 justitiarios
1667 875 1775 903 suos

519 935 567 971 et
589 929 911 971 cancellarium
937 942 1087 979 suum,
1108 930 1187 983 qui
1207 929 1532 983 responderent
1558 929 1625 976 ei;
1660 932 1706 969 et
1726 929 1773 968 in

520 1008 639 1038 anno
671 995 880 1049 sequenti
910 995 1066 1048 exegit
1088 996 1146 1036 ab
1183 995 1342 1036 incolis
1370 996 1664 1049 episcopatus
1695 994 1774 1035 tri-

519 1062 736 1103 cesimum
761 1061 1011 1111 denarium,
1032 1061 1145 1102 etin
1169 1061 1360 1102 diversis
1389 1061 1603 1114 cariagiis
1634 1072 1775 1101 vexa-

520 1128 689 1169 bantur
723 1127 830 1168 dum
864 1132 1068 1168 maneret
1102 1139 1187 1168 rex
1224 1127 1347 1180 apud
1384 1126 1649 1175 Laneoeost,
1683 1126 1777 1166 fere

519 1206 603 1246 per
618 1193 733 1234 duos
749 1205 907 1234 annos.
959 1192 1188 1245 Deditque
1205 1205 1288 1233 rex
1309 1192 1463 1233 comiti
1479 1191 1535 1233 de
1554 1189 1778 1244 Warwyk

522 1258 736 1300 Castrum
784 1258 1023 1307 Bernardi‚
1067 1258 1189 1311 quod
1240 1258 1484 1312 episcopus
1536 1257 1668 1311 quasi
1717 1269 1777 1297 ex

520 1323 745 1366 exchaeta
779 1323 1002 1365 habuerat
1043 1323 1090 1364 in
1129 1323 1421 1365 forisfactura
1457 1323 1487 1365 J
1492 1323 1685 1364 ohannis
1723 1323 1780 1363 de

521 1390 720 1432 Balliolo
739 1390 967 1443 quondam
987 1389 1109 1442 regis
1131 1389 1298 1431 Scotiae
1315 1403 1326 1441 ;
1370 1395 1415 1431 et
1436 1389 1653 1431 Penerith
1674 1401 1779 1430 cum

520 1456 807 1510 pertinentiis
844 1456 891 1496 in
932 1468 1072 1496 manu
1111 1469 1197 1497 sua
1235 1455 1426 1497 seisivit.
1497 1455 1780 1508 Scripsitque

522 1535 605 1563 rex
643 1522 825 1564 domino
868 1534 1001 1575 papae
1046 1535 1129 1575 pro
1174 1521 1376 1563 Ricardo
1415 1522 1566 1576 priore
1601 1520 1779 1562 Dunol-

522 1588 683 1639 mensi,
722 1588 817 1642 qui,
851 1587 909 1629 ad
950 1588 1215 1629 instantiam
1255 1588 1426 1629 domini
1464 1587 1680 1641 episcopi,
1720 1586 1778 1627 ad

522 1654 723 1696 tribunal
743 1666 876 1708 papae
895 1653 1064 1695 citatus
1085 1653 1251 1703 fuerat,
1272 1658 1321 1694 ut
1336 1654 1422 1694 sibi
1439 1653 1635 1707 justitiae
1653 1652 1781 1693 fieret

522 1719 917 1773 complementum.
987 1718 1135 1770 Quem
1157 1732 1259 1760 cum
1284 1719 1521 1760 ‘vidisset'
1538 1717 1551 1739 ¹
1572 1731 1710 1773 papa,
1734 1723 1781 1759 et

522 1785 671 1828 virum
703 1785 946 1840 providum
978 1790 1116 1838 atque
1153 1785 1398 1826 discretum
1439 1785 1487 1825 in
1522 1784 1780 1838 responsio-

524 1851 659 1893 nibus
682 1851 775 1892 suis
790 1851 1053 1900 invenisset,
1067 1851 1223 1892 audito
1244 1856 1290 1892 et
1310 1851 1572 1892 examinato
1597 1850 1780 1904 negotio

527 1917 632 1959 hine
654 1923 700 1958 et
723 1917 843 1967 inde,
863 1917 1186 1970 pronunciavit
1206 1917 1254 1957 in
1275 1916 1410 1970 pleno
1431 1917 1702 1958 consistorio
1731 1928 1781 1956 se

526 1982 646 2024 falsa
667 1983 963 2036 suggestione
990 1982 1129 2023 fuisse
1157 1982 1396 2036 deceptum
1426 1982 1482 2024 de
1506 1987 1638 2024 tanto
1663 1983 1778 2031 viro,

528 2048 822 2102 restituitque
841 2061 943 2090 eum
960 2048 1018 2089 ad
1034 2053 1206 2089 statum
1223 2049 1482 2102 pristinum,
1496 2049 1784 2090 committens

530 2115 572 2155 ei
613 2127 769 2156 curam
809 2119 856 2156 et
899 2114 1337 2156 administrationem
1379 2115 1540 2156 domus
1579 2127 1692 2163 suae,
1732 2119 1784 2155 ut

530 2181 658 2234 prius
678 2180 917 2230 habuerat,
931 2185 1025 2222 tam
1047 2180 1094 2221 in
1108 2180 1424 2234 spiritualibus
1443 2194 1579 2234 quam
1602 2180 1648 2221 in
1673 2185 1784 2221 tem-

531 2246 794 2300 poralibus;
820 2246 1079 2300 mansitque
1093 2246 1157 2287 ibi
1171 2259 1317 2300 usque
1338 2251 1443 2301 post
1454 2248 1628 2289 obitum
1647 2246 1786 2299 regis,

531 2316 545 2334 ‘
559 2325 642 2353 nec
662 2312 673 2329 '
692 2308 708 2332 ²
731 2312 788 2354 ad
811 2312 958 2354 solum
994 2313 1229 2366 proprium
1252 2313 1445 2354 ulterius
1469 2318 1539 2354 est
1561 2325 1785 2354 reversus,

533 2377 723 2420 Interim
767 2391 876 2420 vero
914 2378 1028 2420 obiit
1075 2378 1154 2419 ille
1198 2378 1431 2420 Henricus
1471 2379 1528 2420 de
1581 2378 1786 2433 Luceby,

531 2457 666 2497 quem
722 2443 825 2486 loco
877 2443 1044 2497 prioris
1108 2444 1350 2498 episcopus
1419 2450 1432 2467 ‘
1451 2445 1749 2499 praefecerat}
1769 2443 1785 2466 ³

531 2514 583 2551 ut
617 2509 887 2563 praedictum
915 2514 1017 2551 est:
1050 2514 1096 2551 et
1128 2510 1175 2550 in
1207 2522 1328 2551 anno
1356 2511 1583 2565 sequenti,
1610 2511 1788 2552 scilicet

533 2586 778 2625 M.cccV11.‚
803 2575 917 2618 obiit
935 2575 1034 2629 ipse
1056 2575 1182 2629 prior
1202 2575 1433 2617 Ricardus
1452 2576 1499 2617 in
1523 2577 1624 2630 ipsa
1643 2577 1786 2627 curia,

578 2750 591 2817 ἑ
614 2751 1111 2837 Isssssszsff'ffgfflssssm'
1224 2773 1239 2795 ⁸
1259 2776 1271 2795 ‘
1282 2776 1494 2816 praefixeratss
1512 2776 1587 2810 Ms.
1604 2777 1729 2810 Innsd.
