2038 3306
334 438 453 463 Edwnrd
473 437 531 463 111.

353 471 430 495 ΑΛ).
447 471 522 496 1339.

334 525 400 550 Bun
412 525 443 550 ol'
458 525 532 557 Pope

334 558 471 615 }3??‘¹¹“‘

547 309 634 351 334
1032 321 1308 354 canonicor<

548 428 772 470 dictorum
824 428 1015 470 fratrum
1069 440 1254 470 suorum
1302 429 1470 471 editam
1519 432 1725 482 consilio,
1756 434 1802 474 in

549 507 704 535 omnes
728 498 774 536 et
794 494 1016 548 singulos,
1039 494 1352 550 cujuscunque
1369 500 1536 545 status,
1550 496 1802 550 dignitatis,

550 560 623 601 vel
665 560 940 602 conditionis
986 562 1252 609 existerent,
1287 560 1466 602 etiamsi
1507 563 1802 614 patriarchali

551 625 623 666 vel
674 626 838 678 quavis
895 626 987 667 alia
1038 626 1261 679 superiori
1311 630 1393 667 aut
1440 626 1689 679 pontificali
1728 629 1802 670 vel

550 690 695 742 regali
730 690 955 743 dignitate
990 691 1231 744 fulgerent,
1261 695 1308 732 et
1345 691 1439 744 qui,
1475 692 1647 744 absque
1683 694 1804 734 sedis

549 755 815 809 apostolicae
835 756 1021 798 licentia
1043 756 1246 810 speciali,
1270 756 1428 798 vicarii
1458 769 1535 797 seu
1562 756 1804 811 cujuscun-

550 834 638 874 que
680 821 867 863 alterius
916 821 1051 864 officii
1102 835 1267 863 nomen
1322 822 1369 863 in
1412 821 1619 875 praedicti
1669 823 1803 864 terris

550 886 742 939 imperii,
763 900 818 929 eo
845 892 1055 937 vacante,
1079 888 1199 929 sicut
1226 892 1335 929 tunc
1365 888 1576 935 vacabat,
1606 892 1653 929 et
1684 901 1804 930 nunc

550 952 687 994 etiam
725 958 875 1003 vacat,
907 957 959 994 ut
996 954 1281 1006 praemissum
1321 958 1406 1003 est,
1439 965 1685 1001 assumere,
1730 953 1802 994 vel

550 1022 836 1071 assumptum
880 1018 1002 1060 ultra
1050 1019 1293 1060 terminum
1344 1019 1537 1060 duorum
1580 1018 1801 1060 mensium

549 1089 877 1135 praesumerent
904 1083 1116 1134 retinere,
1139 1097 1221 1125 seu
1253 1083 1488 1125 dimissum
1523 1096 1804 1125 reassumere

551 1149 887 1201 quoquomodo,
908 1162 962 1190 ac
991 1151 1037 1190 in
1059 1149 1337 1198 obedientes,
1358 1153 1570 1202 parentes
1591 1153 1636 1189 et
1655 1149 1804 1190 inten-

549 1213 707 1255 dentes
720 1214 905 1264 eisdem,
918 1214 1411 1256 excommunicationes
1427 1226 1482 1255 ac
1502 1213 1617 1254 alias
1639 1226 1804 1266 graves

549 1280 800 1320 sententias
843 1279 1163 1333 promulgavit.
1234 1279 1335 1320 Nos
1372 1279 1544 1333 itaque,
1579 1279 1658 1332 qui
1694 1291 1805 1332 erga

548 1349 609 1394 te,
666 1345 747 1393 fili,
801 1345 1015 1387 claudere
1064 1346 1241 1387 viscera
1290 1349 1497 1398 paternae
1546 1344 1803 1386 dilectionis

547 1410 853 1464 nequivimus,
896 1416 942 1453 et
988 1411 1137 1452 cordis
1177 1410 1333 1452 dolore
1373 1410 1605 1463 tangimur
1642 1410 1803 1451 intrin-

549 1489 680 1517 secus
722 1490 823 1518 cum
870 1476 984 1518 talia
1032 1476 1306 1530 percipimus
1360 1477 1417 1517 ad
1463 1481 1594 1518 tuum
1644 1475 1804 1528 tuique

549 1541 751 1590 honoris,
791 1547 960 1592 status,
1011 1542 1191 1591 salutis,
1230 1546 1276 1583 et
1327 1542 1462 1583 famae
1515 1540 1801 1594 dispendium

551 1607 815 1658 machinari,
860 1613 987 1649 tuam
1034 1619 1250 1660 rogamus
1292 1606 1691 1660 magnificentiam,
1732 1619 1804 1647 re-

550 1672 789 1725 quirimus,
829 1677 874 1714 et
911 1673 958 1714 in
1000 1673 1201 1714 Domino
1236 1672 1456 1714 attentius
1491 1671 1803 1720 exhortamur,

550 1750 662 1779 sano
700 1743 982 1791 paternoque
1021 1738 1104 1779 tibi
1147 1737 1439 1779 nihilominus
1475 1737 1664 1778 consilio
1703 1749 1806 1778 sna-

550 1803 727 1853 dentes,
781 1804 997 1857 quatinus
1045 1816 1100 1844 ea
1131 1816 1233 1856 quae
1268 1802 1585 1856 praemisimus,
1627 1806 1672 1843 et
1708 1801 1800 1842 alia

550 1880 654 1920 quae
690 1869 811 1910 circa
840 1869 920 1910 illa
954 1869 1036 1910 tibi
1068 1873 1262 1921 possunt
1292 1879 1544 1916 occurrere,
1574 1867 1803 1908 deducens

550 1934 597 1974 in
628 1938 766 1975 rectae
803 1932 1143 1975 deliberationis
1180 1937 1226 1973 et
1258 1932 1554 1973 discussionis
1592 1944 1803 1981 examen,

549 2011 604 2039 ac
645 1999 834 2051 insuper
891 2003 1052 2040 tenens
1099 1999 1270 2039 certius
1309 2003 1356 2039 et
1397 1997 1638 2039 attendens
1682 1996 1803 2050 quod

549 2063 698 2104 dictus
735 2063 1013 2114 Ludovicus,
1047 2068 1099 2104 ut
1133 2063 1452 2116 praemisimus,
1488 2075 1572 2103 nec
1603 2075 1682 2102 rex
1721 2074 1805 2103 nec

549 2129 799 2181 imperator
831 2134 917 2178 est,
957 2141 1041 2170 nec
1079 2128 1234 2182 aliqua
1264 2141 1366 2181 quae
1405 2128 1504 2181 ipse
1543 2127 1701 2168 fecerit
1730 2128 1803 2168 vel

549 2193 686 2235 faciet
706 2194 922 2247 quamdiu
944 2194 1082 2235 fuerit
1100 2198 1145 2234 et
1175 2193 1261 2234 erit
1290 2193 1422 2235 dictis
1441 2192 1728 2246 processibus
1751 2204 1808 2233 ac

549 2258 699 2312 poenis
720 2264 766 2301 et
791 2259 1029 2313 sententiis
1043 2259 1263 2307 irretitus,
1286 2259 1536 2312 quicquam
1559 2258 1806 2312 valuerunt

550 2324 624 2365 vel
646 2325 818 2374 valent,
841 2338 923 2366 nec
944 2329 1050 2366 sunt
1074 2328 1154 2365 aut
1177 2323 1362 2365 suerunt
1390 2323 1583 2377 alicujus
1605 2322 1805 2363 auctori·

551 2390 677 2437 tatis,
712 2390 903 2439 roboris,
941 2390 1011 2431 vel
1045 2388 1277 2437 momenti,
1311 2389 1523 2442 quodque
1561 2387 1643 2430 tibi
1683 2387 1804 2441 peri-

550 2454 754 2496 culosum
801 2460 885 2504 est,
932 2459 977 2496 et
1020 2453 1332 2507 multipliciter
1373 2453 1721 2501 formidandum,
1761 2456 1807 2493 te

549 2519 771 2560 bellorum
792 2519 1016 2573 subjicere
1034 2519 1384 2568 discriminibus,
1405 2519 1603 2559 maxime
1623 2517 1661 2558 si
1683 2529 1805 2557 esses

550 2584 824 2638 supradictis
840 2584 1317 2638 processibus,poenis,
1335 2588 1381 2624 et
1396 2582 1646 2630 sententiis,
1666 2594 1693 2622 a
1709 2582 1806 2634 qui-

550 2649 635 2690 bus
667 2650 851 2691 liberari
872 2663 963 2691 non
990 2661 1163 2704 posses,
1187 2649 1273 2689 nisi
1297 2648 1526 2689 duntaxat
1549 2660 1629 2701 per
1652 2646 1803 2687 sedem

551 2715 866 2767 apostolicam,
902 2728 1005 2769 quae
1048 2714 1380 2756 absolutionem
1422 2726 1577 2755 earum
1608 2712 1694 2752 sibi
1725 2724 1808 2752 ex-

551 2791 705 2830 presse
748 2781 949 2830 retinuit,
994 2780 1246 2829 involutus,
1287 2791 1339 2819 ac
1383 2779 1471 2820 Dei
1514 2783 1560 2819 et
1603 2777 1805 2830 ejusdem
