2038 3306
474 319 698 351 wiusrmu
731 320 792 350 DE
824 320 1197 353 HEMfflcBURcH.
1371 313 1459 355 345

199 426 336 467 Datae
356 425 403 466 in
427 426 590 468 castris
615 426 725 468 dicti
749 426 918 468 domini
939 428 1083 470 nostri
1100 427 1222 481 regis
1248 426 1457 468 Franciae
1476 439 1596 465 navam
1619 439 1674 464 ιιι.

191 493 335 547 juxta
353 492 510 533 villam
523 492 680 534 Sancti
704 492 931 544 Quintini,
948 493 1020 535 die
1044 494 1229 542 Martis,
1250 504 1359 535 xlx.
1385 493 1458 534 die

199 558 429 608 Octobris,
453 572 573 600 anno
594 560 756 612 gratiae
782 571 1116 601 M.cccxxxlx.

1494 474 1528 498 A.
1540 473 1572 498 Ι).
1589 474 1663 498 1339.

266 624 324 665 In
342 624 414 666 die
429 624 587 666 Sancti
605 625 744 667 Lucae
765 625 1079 679 Evangelistae
1101 638 1183 667 rex
1202 624 1387 680 Angliae
1411 625 1457 666 in
1478 635 1614 667 noum,

1478 670 1540 694 Oct.
1557 670 1599 694 18.

198 690 355 732 eodem
409 690 511 732 loco
565 690 788 742 Gallicos,
829 692 869 732 si
915 691 1031 733 forte
1073 692 1229 734 venire
1273 691 1459 741 vellent,
1480 702 1666 733 Proceefflnsss

1478 737 1510 762 of
1520 736 1570 761 the
1583 735 1639 761 En·

200 757 487 810 expectando
532 770 706 798 moram
746 757 866 799 fecit.
958 757 1013 798 In
1056 757 1258 799 crastino
1298 770 1459 800 versus
1478 769 1552 802 glish
1565 775 1653 799 army.

199 823 396 876 patriam
419 823 475 864 de
510 822 704 876 Tyrais¹
740 836 820 877 per
849 823 940 864 tria
966 823 1180 865 milliaria
1210 829 1361 865 motus
1391 828 1462 865 est

200 888 444 938 exercitus,
461 888 534 929 die
558 889 775 930 Mercurii
791 902 873 942 per
889 888 979 929 duo
993 889 1222 939 milliaria,
1241 890 1314 930 die
1327 889 1357 931 J
1363 890 1462 931 ovis

201 958 213 976 ‘
230 952 395 995 infra’2
415 954 611 1007 patriam
633 954 690 995 de
713 954 879 1008 Tyrais
905 968 988 1008 per
1010 955 1101 996 tria
1126 954 1341 996 milliaria
1364 959 1376 977 ‘
1390 955 1461 996 in-

201 1019 372 1069 travit,’
383 1018 399 1040 ³
415 1024 461 1061 et
484 1019 779 1061 circumcirca
799 1033 881 1074 per
898 1033 980 1061 sex
998 1020 1210 1062 milliaria
1230 1020 1336 1074 igne
1353 1034 1461 1062 con—

201 1086 436 1127 cremavit.
520 1085 608 1128 Die
627 1085 825 1128 Veneris
845 1087 892 1127 in
915 1086 1074 1128 eodem
1095 1087 1197 1128 loco
1212 1099 1295 1140 per
1316 1091 1463 1128 totum

201 1152 320 1193 diem
341 1151 548 1193 Gallicos
569 1152 832 1205 expectavit
852 1165 863 1203 ;
899 1152 986 1193 fuit
1005 1153 1125 1194 enim
1144 1152 1240 1194 dies
1259 1153 1464 1203 ultimus,

200 1232 282 1271 per
312 1218 486 1267 literas,
517 1223 568 1259 ut
595 1218 904 1271 praemittitur,
927 1219 1204 1271 assignatus.
1282 1219 1339 1260 In
1362 1231 1464 1260 ves-

201 1297 311 1338 pera
345 1284 480 1333 enim,
528 1296 630 1324 cum
674 1289 913 1337 magnates
943 1285 1175 1326 exercitus
1206 1284 1465 1338 Anglorum

203 1350 466 1392 concordati
507 1350 700 1391 fuissent
739 1349 786 1390 in
827 1350 1029 1391 crastino
1068 1351 1126 1391 ad
1170 1364 1256 1393 sua
1300 1351 1463 1400 redire,

203 1416 466 1470 supervenit
479 1416 669 1457 nuncius
686 1416 871 1469 quidam
885 1429 945 1457 ex
960 1421 1091 1470 parte
1106 1417 1227 1470 regis
1243 1416 1466 1467 Franciae,

204 1482 463 1535 Anglorum
493 1495 647 1534 regem
675 1481 973 1534 interpellans
1009 1483 1226 1536 quatinus
1260 1484 1307 1524 in
1345 1495 1469 1524 cras—

207 1549 302 1590 tino
338 1549 488 1590 locum
519 1547 606 1589 sibi
637 1547 857 1601 placitum
889 1548 1096 1600 eligeret,
1127 1554 1174 1590 et
1205 1550 1304 1591 sine
1327 1548 1466 1590 dubio

204 1615 261 1655 ad
293 1627 495 1668 pugnam
528 1626 609 1655 rex
643 1613 852 1655 Franciae
882 1614 969 1655 sibi
1001 1615 1223 1657 obviaret.
1287 1614 1469 1666 Quibus

206 1681 390 1730 auditis,
418 1693 501 1721 rex
522 1678 706 1732 Angliae
736 1679 912 1732 ingenti
939 1679 1102 1721 laetitia
1138 1681 1342 1734 repletus
1371 1685 1469 1732 est3

206 1752 252 1788 et
295 1745 480 1799 Anglici
523 1750 657 1787 nocte
696 1745 774 1786 illa
817 1745 969 1787 locum
1012 1758 1146 1787 suum
1187 1747 1278 1788 illis
1311 1750 1471 1800 aptum

206 1813 376 1866 eligere
396 1812 687 1854 festinarunt.
743 1811 804 1853 Et
839 1824 959 1862 ecce,
983 1812 1142 1853 eadem
1163 1817 1297 1854 nocte
1321 1824 1473 1854 comes

208 1879 264 1919 de
304 1878 521 1919 Salesbiri
561 1882 608 1918 et
649 1877 860 1919 dominus
893 1877 1130 1920 Walterus
1174 1878 1231 1920 de
1267 1878 1473 1932 Manney

208 1958 311 1986 cum
347 1944 443 1984 suis
474 1956 634 1984 versus
663 1943 915 1984 exercitum
953 1944 1163 1986 Franciae
1193 1945 1472 1998 equitantes,

209 2023 355 2063 usque
387 2009 445 2051 ad
473 2009 633 2062 vigiles
662 2014 983 2062 pervenerunt,
1008 2014 1069 2059 et,
1101 2009 1281 2051 fortiter
1317 2009 1472 2051 excla-

210 2081 406 2126 mantes,
430 2079 577 2117 totum
610 2074 862 2116 exercitum
885 2080 1059 2116 terrore
1091 2080 1137 2116 et
1172 2075 1334 2116 timore
1370 2088 1472 2128 per·

212 2143 436 2191 territum,
468 2141 601 2194 quasi
633 2141 690 2182 ad
726 2153 928 2194 pugnam
967 2147 1180 2194 paratum
1213 2154 1295 2194 per
1328 2145 1473 2182 totam

210 2215 390 2249 noctem
415 2213 642 2248 armatum
660 2211 782 2248 stare
811 2207 1046 2255 fecerunt;
1080 2211 1126 2248 et
1160 2212 1296 2261 capto
1331 2207 1476 2248 milite

210 2274 410 2328 quodam
450 2285 554 2314 cum
596 2285 681 2314 suo
724 2273 941 2314 scutifero
980 2272 1037 2314 ad
1073 2285 1181 2314 suos
1224 2273 1473 2314 redierunt.

214 2341 358 2381 Facto
377 2345 533 2380 autem
555 2351 688 2380 mane
704 2337 889 2391 Anglici
909 2338 965 2379 de
982 2338 1112 2392 equis
1125 2338 1474 2388 descenderunt,

210 2411 256 2448 et
280 2419 364 2447 rex
385 2405 688 2447 arcitenentes
715 2404 859 2458 juxta
882 2410 1084 2447 armatos
1105 2405 1321 2446 collocari
1352 2404 1474 2455 fecit,

210 2477 255 2513 et
272 2471 532 2513 Wallenses
547 2483 651 2512 cum
670 2471 766 2511 suis
787 2470 957 2512 lanceis
972 2470 1113 2525 juxta
1129 2483 1207 2512 eos
1220 2470 1475 2520 constituit,

212 2539 426 2591 aciesque
448 2550 557 2578 suas
578 2536 756 2578 meliori
778 2536 912 2578 modo
936 2550 1028 2590 quo
1049 2537 1201 2590 potuit
1228 2536 1475 2578 ordinavit.

211 2604 543 2657 Veneruntque
570 2602 820 2644 Alamanni
851 2607 896 2644 et
925 2602 1213 2653 Brabantini,
1249 2607 1299 2644 ut
1331 2602 1475 2643 aciem

259 2733 696 2820 ZTiiffssagftfff'jsslgicffitiffi·
723 2778 829 2819 Nem,
865 2751 1093 2832 D.³ii(.)mitted
1135 2752 1211 2784 MS.
1243 2751 1334 2784 cott.
1373 2751 1478 2791 Nero,

214 2827 257 2859 D.
274 2836 308 2857 ιι.
