2038 3306
472 296 698 329 WAL‘rEm
732 297 794 326 DE
827 295 1201 327 unmmcssuucn.
1384 284 1473 326 365

210 413 345 454 quam
384 401 602 443 honorem
631 406 833 444 vestrum
869 402 1086 457 populive
1113 401 1308 443 salutem
1335 401 1470 442 afl'ec-
1490 421 1610 446 mmm
1630 420 1688 445 111.

207 470 307 508 tare
327 473 595 519 noscuntur,
611 469 802 510 clericos
823 474 869 510 et
890 469 1005 509 alios
1027 473 1161 510 terrae
1177 472 1343 510 vestrae
1368 467 1470 521 capi

1506 456 1540 480 A.
1552 455 1586 480 Ι).
1599 455 1674 479 1341.

1490 510 1550 535 The
1563 510 1650 534 Arch—

207 531 373 584 facitis‚
405 547 646 588 processus
684 541 846 577 contra
887 535 1012 588 leges
1054 539 1203 584 terrae,
1240 545 1356 587 quas
1389 546 1472 586 per
1490 543 1590 574 bishop
1603 543 1637 567 or

1490 574 1690 606 eanterbury’s

207 606 560 650 sacramentum,
598 602 645 642 in
678 601 974 643 coronatione
1011 605 1168 643 vestra
1200 600 1472 654 praestitum,
1489 609 1675 634 lettertothe

207 667 438 708 custodire
479 668 711 718 tenemini,
746 667 964 721 peragitis
1008 666 1253 716 indebitos,
1296 679 1474 707 necnon

209 739 370 774 contra
422 733 642 788 Magnam
685 733 874 776 Cartam
930 739 1091 775 contra
1137 745 1275 787 quam
1317 732 1473 774 venire

210 804 539 851 praesumentes
585 813 666 854 per
710 800 942 854 praelatos.
973 798 1156 852 Angliae
1208 798 1475 852 bullamque

210 865 420 917 papalem
470 878 607 919 quam
648 879 788 919 penes
843 878 927 907 nos
972 865 1140 906 habere
1181 864 1476 915 dinoscimur,

210 935 318 971 sunt
352 932 750 973 excommunicati.
844 930 962 982 Quae
998 930 1180 984 quidem
1221 930 1267 971 in
1310 931 1475 972 animae

213 1000 378 1038 vestrae
402 1010 491 1038 non
506 998 731 1038 modicum
750 997 1018 1051 periculum,
1033 1002 1183 1038 status
1197 996 1475 1049 honorisque

209 1061 549 1114 detrimentum,
571 1063 686 1117 proh
720 1063 879 1105 dolor!
912 1067 1017 1104 acta
1045 1068 1167 1104 sunt.
1238 1062 1299 1104 Et
1331 1076 1475 1116 quan-

211 1141 348 1181 quam
372 1129 505 1170 iidem
529 1130 607 1183 qui
632 1134 834 1171 rectores
858 1133 991 1170 terrae
1006 1129 1151 1182 magis
1173 1142 1311 1182 quam
1331 1129 1475 1171 statui

210 1194 389 1235 illorum
428 1196 641 1249 congruit
677 1209 726 1236 se
764 1195 940 1236 faciunt
979 1200 1024 1236 et
1069 1194 1366 1244 consiliarios,
1405 1196 1477 1236 in-

211 1261 417 1314 telligere
438 1274 519 1303 vos
543 1267 767 1303 conantur
802 1261 923 1315 quod
960 1274 1015 1302 ea
1046 1274 1150 1315 quae
1176 1261 1223 1302 in
1259 1261 1476 1315 praesenti

211 1327 364 1380 agitis,
412 1328 582 1382 populo
624 1333 776 1369 vestro
817 1327 1102 1381 complacere
1154 1327 1336 1377 debent,
1381 1341 1477 1369 cer-

211 1394 385 1434 tissime
398 1399 550 1435 tamen
564 1395 809 1436 asserimus
818 1394 953 1435 modo
970 1393 1232 1435 nullatenus
1247 1394 1477 1444 inchoato,

212 1465 258 1500 et
299 1460 383 1501 hoc
427 1461 678 1514 reperietis.
772 1460 1051 1501 Dubitamus
1095 1460 1211 1501 enim
1254 1473 1344 1501 non
1379 1473 1474 1502 mo-

209 1526 377 1572 dicum,
421 1526 542 1580 quod
584 1527 623 1567 si
668 1525 851 1567 modum
895 1526 1125 1580 prosecuti
1161 1526 1339 1568 fueritis
1377 1527 1474 1581 jam

210 1591 458 1645 inceptum,
501 1593 641 1634 corda
681 1593 830 1645 gentis
862 1599 1028 1633 vestrae
1072 1605 1248 1634 necnon
1295 1594 1473 1635 auxilia

209 1659 376 1700 bonam
401 1671 456 1700 ac
476 1664 646 1700 rectam
668 1659 887 1700 amittetis
903 1663 949 1699 et
964 1659 1215 1712 querelam,
1228 1659 1472 1712 taliterque

210 1725 327 1766 citra
342 1738 465 1766 mare
478 1738 562 1767 vos
585 1725 893 1779 implicabitis,
907 1724 1025 1778 quod
1047 1737 1255 1777 guerram
1272 1730 1473 1767 vestram

211 1791 473 1845 perficiendi
533 1804 822 1845 nequaquam
867 1791 989 1832 vires
1044 1791 1336 1844 possidebitis
1388 1805 1471 1833 nec

211 1862 498 1911 potestatem,
544 1858 739 1899 inimicis
784 1857 949 1898 vestris
996 1858 1279 1899 occasionem
1325 1858 1474 1899 insur-

217 1924 356 1976 gendi
387 1930 550 1965 contra
571 1937 653 1964 vos
688 1923 854 1964 dabitis
889 1929 935 1964 et
967 1923 1245 1973 destruendi,
1284 1924 1472 1965 bonam-

213 2003 301 2044 que
316 1990 485 2031 famam
504 1994 701 2031 vestram
719 2002 772 2031 ac
793 1995 974 2039 terram,
994 1989 1115 2042 quod
1130 1989 1258 2031 Deus
1277 1995 1476 2040 avertat,

213 2057 460 2098 amittendi.
561 2055 733 2107 Quare,
775 2055 968 2105 domine,
1007 2055 1065 2096 ob
1109 2055 1293 2097 honoris
1334 2058 1476 2098 vestri

213 2128 439 2176 terraeque
466 2123 787 2171 salvationem,
817 2122 1049 2175 querelam
1072 2127 1271 2164 vestram
1302 2135 1477 2164 necnon

214 2189 562 2239 confovendam,
587 2193 827 2241 magnates
848 2193 982 2229 terrae
1016 2200 1070 2229 ac
1090 2189 1320 2242 sapientes
1341 2189 1478 2239 coad÷

215 2269 373 2304 unare,
421 2260 467 2296 et
502 2259 552 2296 ut
590 2255 776 2308 negotia
805 2258 962 2296 vestra
996 2254 1192 2295 foelicem
1226 2255 1480 2296 sortiantur

216 2322 442 2372 effectum,
499 2321 728 2363 seniorum
792 2333 846 2361 ac
909 2325 1174 2373 magnatum
1230 2321 1480 2362 secundum

216 2401 472 2437 assensum,
490 2400 683 2442 quorum
699 2387 796 2428 sine
815 2386 1004 2427 consilio
1025 2386 1289 2440 auxilioque
1313 2392 1481 2429 terram

217 2459 417 2496 vestram
469 2467 626 2507 regere
679 2466 762 2494 nec
816 2453 954 2494 etiam
1009 2453 1241 2506 querelam
1289 2454 1485 2507 potestis

216 2521 450 2575 perficere,
467 2520 619 2562 velitis
643 2524 688 2560 et
712 2519 907 2572 operari.
979 2519 1039 2561 Et
1063 2519 1172 2572 quia
1196 2519 1483 2572 aliquivobis

214 2587 504 2629 collaterales
544 2587 640 2627 sive
681 2586 888 2627 faventes
931 2585 1231 2638 proditionem
1274 2587 1404 2627 nobis
1439 2591 1485 2628 et

216 2653 467 2695 falsitatem
497 2653 730 2707 imponere
768 2665 857 2692 non
897 2651 1160 2702 formidant,
1184 2665 1262 2693 eos
1298 2665 1484 2694 excom·

218 2720 473 2761 municatos
495 2719 591 2760 sore
613 2719 959 2767 denunciamuS,
976 2722 1022 2759 et
1038 2718 1158 2759 sicut
1180 2723 1311 2772 pater
1336 2726 1486 2760 vester

217 2786 472 2839 spiritualis
492 2799 575 2839 pro
598 2784 766 2827 talibus
790 2798 868 2826 cos
888 2789 1042 2825 tenere
1056 2784 1207 2826 velitis
1225 2798 1484 2827 exoramus.

1492 642 1580 674 King.
1611 657 1614 659 -
