2038 3306
409 355 634 386 vum-Em
668 355 730 385 nn
761 355 1136 387 nnmmcssuncn.
1315 348 1403 390 419

143 458 200 500 ad
251 458 540 500 tractandum
596 460 652 501 de
704 473 817 514 pace
879 460 1102 514 praedicta
1150 474 1290 516 quam
1341 463 1399 504 ad
1421 473 1616 532 Esswff‘iaiiff'

141 524 387 578 petendum
411 525 779 568 reformationem
803 531 1183 581 attemptatorum
1210 528 1400 581 praedic-
1465 525 1471 532 ’
1509 526 1515 532 '
1599 525 1606 530 ’

143 595 307 639 torum,
352 597 554 634 statutos
613 593 829 635 terminos
882 593 939 635 ad
990 594 1056 634 sic
1111 594 1399 636 tractandum
1419 561 1564 619 ὲξῖἑῐὲὅοῐ

1533 627 1562 651 d-

143 657 314 711 pluries
375 659 681 712 prorogando,
729 664 965 701 reservata
1027 660 1156 702 nobis
1219 673 1400 714 semper
1416 627 1594 725 ΞΞΞΞῈΕ

142 723 354 766 libertate
375 725 634 766 resumendi
660 738 888 779 guerram,
913 738 994 780 per
1013 726 1196 780 culpam
1218 727 1397 780 praefati
1415 727 1618 792 {sssffl‘gggeffigst

144 789 348 844 Philippi
371 791 518 842 nobis,
542 796 595 834 ut
615 792 894 845 praedicitur,
915 792 1153 846 acquisita.
1207 793 1268 834 Et
1288 794 1399 847 quia
1415 794 1523 852 {2223

135 856 233 911 Jam
272 857 417 911 elapsi
448 863 556 899 sunt
591 859 752 900 statuti
785 859 966 900 termini
1001 858 1057 901 ad
1094 859 1398 910 tractandum,
1416 861 1501 892 ¹³³⁸ss-

143 928 189 964 et
227 923 376 965 adhuc
409 923 537 965 nulla
560 924 636 966 via
667 925 794 977 pacis
829 923 1114 966 rationabilis
1150 925 1280 966 nobis
1315 939 1398 967 seu

140 988 275 1030 dictis
328 990 505 1030 nunciis
558 990 727 1031 nostris
777 994 847 1031 est
907 995 1085 1043 aperta,
1143 1004 1227 1032 nec
1278 991 1398 1033 idem

141 1054 383 1109 Philippus
423 1059 697 1109 attemptata
727 1055 949 1109 praedicta
981 1056 1027 1096 in
1062 1055 1218 1110 aliquo
1255 1057 1416 1101 refor-.

139 1133 265 1163 mare
288 1122 483 1171 curavit,
504 1121 611 1163 licet
642 1135 725 1175 per
751 1122 908 1164 literas
939 1121 1048 1164 dicti
1078 1123 1242 1164 summi
1284 1136 1398 1177 pon-

141 1187 277 1229 tificis
317 1200 456 1242 super
488 1187 574 1229 hoc
612 1188 700 1230 sibi
733 1188 898 1230 missas
933 1193 1125 1242 rogatus
1159 1188 1322 1231 fuisset
1353 1194 1400 1231 et

142 1254 359 1304 monitus,
397 1254 517 1295 sicut
547 1254 665 1296 idem
704 1254 915 1296 dominus
951 1267 1156 1296 summus
1190 1255 1399 1309 pontifex

143 1333 225 1373 per
289 1320 448 1362 literas
488 1333 596 1362 suas
656 1321 788 1362 nobis
847 1321 1047 1374 scripsit,
1087 1321 1168 1363 sed
1220 1334 1399 1375 semper

142 1386 506 1440 multiplicantur
554 1392 716 1429 contra
773 1400 858 1429 nos
921 1387 1162 1441 tyrannide
1218 1388 1398 1442 conspi-

140 1453 341 1494 rationes
375 1458 421 1495 et
449 1453 718 1507 alligantiae,
750 1454 797 1494 in
827 1453 1167 1495 subversionem
1195 1458 1398 1496 nostram

140 1532 222 1573 per
263 1520 504 1574 praefatum
551 1519 816 1573 Philippum
867 1524 1029 1561 contra
1070 1520 1262 1562 formam
1304 1520 1399 1562 dic-

141 1590 292 1627 tarum
341 1590 605 1640 treugarum
659 1586 848 1627 subdole
893 1585 1185 1636 machinatae,
1228 1591 1281 1628 ut
1327 1592 1399 1628 ta-

140 1665 325 1694 ceamus
346 1652 402 1694 de
429 1652 694 1694 excessibus
730 1665 812 1706 per
846 1652 1063 1694 nuncium
1091 1652 1202 1694 dicti
1235 1653 1400 1694 summi

142 1718 386 1772 pontificiS,
419 1718 593 1772 pridem
631 1731 715 1772 pro
748 1718 1096 1760 conservatione
1133 1723 1399 1772 treugarum

142 1785 463 1838 praedictarum
485 1785 674 1826 missum
694 1785 742 1827 in
768 1785 1070 1834 Britanniam,
1092 1785 1367 1839 perpetratis
1385 1801 1397 1832 ;

141 1852 219 1904 qui
262 1851 385 1905 quod
426 1851 610 1893 sedasse
653 1851 811 1892 debuit
849 1851 1087 1892 dissidium
1129 1851 1400 1905 propensius

142 1917 383 1967 excitavit,
429 1930 520 1958 non
570 1922 940 1959 conservatorem
986 1921 1268 1969 treugarum,
1319 1917 1399 1958 sed

140 1989 318 2036 partem
337 1988 498 2024 contra
519 1995 603 2024 nos
625 1987 671 2023 et
694 1987 875 2024 nostros
892 1983 1043 2036 potius
1062 1995 1111 2023 se
1127 1982 1398 2034 ostendens3

141 2062 281 2103 super
303 2062 395 2103 quo
417 2049 536 2090 idem
560 2049 769 2090 dominus
797 2061 1002 2090 summus
1023 2048 1245 2102 pontifex,
1268 2048 1400 2090 salva

140 2129 254 2169 pace
274 2129 374 2165 sua,
395 2115 641 2157 remedium
663 2128 755 2156 non
775 2114 999 2164 adhibuit,
1017 2114 1125 2156 licet
1154 2127 1292 2168 super
1315 2114 1400 2155 hoc

142 2182 320 2232 fuisset,
363 2187 416 2223 ut
466 2181 634 2231 decuit,
674 2180 939 2234 requisitus,
978 2193 1117 2234 penes
1163 2181 1312 2222 Deum
1353 2186 1401 2221 et

142 2248 346 2290 homines
367 2248 580 2290 excusari
599 2248 832 2298 debemus,
856 2247 895 2288 si
915 2246 1067 2288 illatas
1088 2247 1218 2288 nobis
1232 2251 1243 2268 ‘
1263 2242 1399 2288 vim'¹

142 2319 189 2356 et
242 2315 451 2369 injurias,
508 2327 611 2355 cum
664 2313 787 2355 aliud
848 2326 939 2354 non
997 2313 1275 2366 reperiamus
1334 2325 1401 2353 re-

142 2381 357 2430 medium,
408 2381 742 2434 propulsemus,
782 2379 1035 2433 praesertim
1073 2392 1177 2420 cum
1213 2391 1399 2420 causam

137 2446 442 2501 justissimam
498 2451 544 2488 et
593 2445 762 2487 mundo
808 2444 1093 2486 notissimam
1135 2444 1400 2486 habeamus.

144 2513 204 2554 Et
223 2513 327 2555 ideo
349 2517 629 2567 reputantes,
646 2512 764 2553 sicut
787 2516 910 2561 sunt,
932 2516 1120 2564 treugas
1144 2510 1402 2565 praedictas,

142 2591 201 2620 ex
234 2579 386 2621 causis
415 2578 647 2633 praedictis
676 2590 791 2631 quas
826 2578 1008 2627 scimus,
1032 2582 1079 2618 et
1110 2590 1194 2630 pro
1230 2577 1331 2617 loco
1357 2581 1403 2617 et

141 2649 346 2699 tempore
368 2646 562 2699 probare
584 2643 793 2685 volumus
810 2656 908 2684 esse
930 2655 1079 2693 veras,
1094 2648 1140 2684 et
1160 2642 1402 2697 praefatum

145 2711 407 2765 Philippum
442 2717 488 2753 et
519 2710 802 2752 adhaerentes
833 2709 936 2757 sibi,
972 2709 1172 2750 maxime
1203 2710 1249 2750 in
1282 2708 1404 2749 dicto

472 2858 480 2878 ¹
505 2861 671 2900 Supplied
691 2860 772 2891 from
790 2860 865 2892 MS.
883 2860 983 2893 Harl.
999 2862 1075 2891 655.

1176 2930 1194 2953 ε
1212 2930 1229 2951 r.
1245 2923 1265 2952 2
