2038 3306
479 331 706 362 WAurssm
744 331 806 360 DE
836 331 1212 362 HEMmenURGH.
1384 321 1469 363 113

201 436 422 478 finiretur.
502 434 706 476 Obtenta
730 435 888 489 itaque
918 435 1112 477 victoria
1138 435 1268 488 regni
1298 434 1467 477 Scotiae
1494 447 1661 507 ἒαόεἷιὲθῐὲ

199 507 247 543 et
292 502 504 543 ordinato
547 514 704 554 regno,
749 501 921 543 dimisit
971 515 1053 543 rex
1097 502 1375 551 Wallenses‚
1421 507 1468 544 et
1523 499 1529 505 ⁴
1573 500 1580 507 '
1665 501 1670 506 '

201 567 495 618 Hibernicos,
517 572 563 609 et
588 567 900 620 Anglicanum
935 569 1205 618 exercitum,
1230 573 1282 610 ut
1311 581 1465 609 rever-

200 639 407 676 terentur
440 634 498 675 ad
534 635 736 687 propria,
765 635 941 687 gratias
977 634 1043 675 eis
1073 647 1231 687 agens,
1268 640 1314 676 et
1351 634 1469 688 adji-

198 701 324 742 ciens
354 713 569 742 coronam
592 699 896 754 Anglicanam
926 700 991 742 eis
1022 701 1068 741 in
1091 700 1177 742 hoc
1201 701 1324 743 facto
1350 701 1470 741 mul-

199 772 296 808 tum
334 768 477 809 teneri
512 773 559 809 et
595 772 818 820 perpetuo
854 767 1063 820 obligari.
1136 766 1245 820 Ipse
1282 779 1467 820 quoque

198 847 281 874 rex
317 833 375 874 ad
409 840 565 887 partes
598 833 824 874 australes
859 845 1070 874 reversus
1103 839 1189 883 est,
1223 846 1282 874 ex
1316 833 1466 875 edicto

198 904 379 953 tempus
403 905 612 941 statuens
642 899 942 952 optimatibus
969 899 1064 940 suis
1092 902 1145 939 ut
1167 899 1466 940 convenirent

197 966 255 1006 ad
300 979 401 1006 eum
440 966 484 1006 in
524 965 726 1006 crastino
765 963 1039 1005 Animarum
1084 964 1209 1018 apud
1245 964 1463 1006 Sanctum
1483 978 1630 1010 Saturam,

198 1031 485 1073 Edmundum
504 1027 537 1083 ;1
574 1035 1001 1085 praecesseruntque
1032 1043 1184 1083 regem
1221 1037 1465 1085 magnates
1483 1012 1682 1038 mmmm&

196 1098 382 1148 Scotiae,
403 1105 450 1140 et
473 1098 616 1153 juxta
638 1101 861 1139 statutum
893 1097 1016 1139 ultra
1044 1096 1268 1139 Trentam
1297 1098 1465 1139 morati

196 1169 322 1206 sunt.

237 1313 386 1355 Litora
408 1314 541 1369 Papae
559 1327 683 1370 super
703 1312 914 1355 Libertate
933 1312 1184 1355 universalis
1204 1312 1412 1357 Ecclesiae.

265 1429 440 1471 Eodem
472 1434 677 1484 tempore
710 1442 811 1471 cum
849 1429 1055 1470 audisset
1091 1428 1302 1471 dominus
1340 1443 1467 1485 papa

196 1508 288 1537 non
334 1500 514 1537 tantum
560 1494 833 1548 Anglicanae
877 1495 956 1537 sed
1000 1495 1138 1536 etiam
1189 1496 1465 1538 universalis

196 1562 401 1603 ecclesiae
434 1561 703 1603 afflictiones
732 1562 885 1602 varias
919 1566 964 1603 et
995 1562 1315 1615 oppressiones
1346 1563 1466 1604 mul-

196 1633 267 1669 tas
294 1628 429 1681 quasi
452 1641 534 1682 per
553 1627 707 1669 omnia
733 1627 892 1668 mundi
921 1640 1080 1681 regna,
1102 1640 1156 1669 eo
1181 1628 1303 1682 quod
1331 1641 1464 1682 reges

196 1699 243 1736 et
283 1694 514 1748 principes
554 1693 819 1747 affligebant
858 1706 977 1744 eam,
1009 1694 1236 1747 cogitavit
1269 1694 1466 1737 sollicite

195 1774 277 1815 per
308 1774 444 1815 quam
479 1765 634 1815 posset
670 1761 790 1802 viam
827 1760 1014 1814 aliquod
1049 1760 1298 1802 remedium
1335 1761 1466 1803 adhi-

195 1828 326 1879 bere;
364 1827 500 1878 unde,
532 1827 589 1868 de
623 1827 815 1868 consilio
848 1826 1059 1877 fratrum,
1090 1827 1463 1869 constitutionem

195 1894 503 1948 subscriptam
523 1907 605 1947 per
620 1893 859 1935 universas
875 1893 1031 1935 mundi
1044 1894 1311 1947 *provincias
1336 1898 1349 1916 ‘
1364 1895 1465 1936 bul-

195 1959 378 2002 latam’2
397 1961 537 2010 misit,
554 1960 790 2014 perpetuis
805 1960 1085 2014 temporibus
1101 1960 1461 2003 observandam:

263 2026 548 2076 Bonifacius,
572 2032 583 2051 ‘
602 2023 734 2068 etc.'³
765 2026 824 2067 ad
854 2031 1123 2080 perpetuam
1158 2026 1225 2067 rei
1260 2030 1272 2048 ‘
1290 2039 1462 2068 memo·
1479 2043 1588 2083 Buupr
1604 2043 1679 2075 rope

195 2092 374 2135 riam.'⁴
448 2093 641 2135 Clericis
671 2093 815 2134 laicos
848 2093 1040 2134 infestos
1071 2092 1241 2146 oppido
1271 2093 1463 2135 tradidit
1479 2076 1625 2102 mmm*

195 2160 465 2213 antiquitas,
482 2158 605 2213 quod
626 2164 672 2200 et
694 2159 987 2212 praesentium
1008 2159 1325 2212 experimenta
1346 2163 1460 2200 tem-

196 2239 355 2279 porum
410 2225 651 2266 manifeste
701 2224 955 2274 declarant,
1002 2224 1111 2265 dum
1154 2223 1250 2265 suis
1294 2225 1463 2267 finibus

196 2305 287 2333 non
327 2291 533 2333 contenti
570 2291 780 2332 nituntur
810 2291 857 2331 in
887 2291 1097 2340 vetitum,
1125 2296 1172 2332 et
1210 2291 1268 2332 ad
1300 2290 1463 2333 illicita

195 2371 281 2399 sua
326 2358 471 2399 fraena
511 2357 753 2408 relaxant3
799 2370 882 2398 nec
927 2357 1176 2411 prudenter
1217 2358 1464 2400 attendunt

195 2425 425 2479 quomodo
455 2425 516 2465 sit
546 2424 612 2465 eis
635 2424 681 2464 in
713 2423 904 2465 clericos
931 2423 1328 2465 ecclesiasticasve
1359 2437 1462 2477 per-

196 2504 335 2533 sonas
378 2496 424 2532 et
473 2491 594 2532 bona
635 2490 879 2531 interdicta
923 2494 1158 2543 potestas:
1188 2542 1195 2545 κ
1213 2490 1463 2543 quinimmo

242 2609 250 2628 ¹
276 2610 347 2642 The
370 2610 482 2650 king’s
504 2618 674 2641 summons
697 2612 731 2640 to
755 2608 811 2640 the
891 2606 905 2625 ²
926 2607 1124 2648 ‘bullatim‚’
1141 2607 1217 2639 MS.
1233 2606 1322 2639 Cott.
1338 2607 1415 2639 Tib.

193 2657 407 2697 Archbishop
423 2656 461 2688 of
480 2655 689 2695 Canterbury
705 2658 739 2686 to
763 2658 811 2686 at·
891 2675 905 2696 3
926 2677 936 2694 c
993 2677 1000 2684 .

193 2705 270 2736 tend
289 2704 356 2736 this
378 2703 578 2744 parliament
599 2703 629 2734 is
651 2701 753 2733 dated
769 2711 811 2733 on
845 2724 914 2756 Dei
928 2685 1462 2755 ,Ξξὲεῗῖἓῗόῗὲῗέῐείῗξέἔοωω

192 2751 248 2782 the
267 2750 347 2782 26th
368 2750 407 2782 of
425 2750 563 2790 August
581 2752 617 2780 at
637 2748 812 2780 Berwick-
916 2747 927 2765 '
1366 2745 1374 2754 ·

192 2796 435 2837 upon-Tweed.
452 2797 528 2828 Rot.
546 2795 662 2828 Claus.
679 2797 722 2828 24
744 2795 810 2826 Ed.
891 2791 904 2810 ⁴
928 2792 938 2809 ‘
950 2791 1155 2830 memoriam,
1176 2793 1211 2822 et
1232 2790 1343 2831 infra,'
1358 2790 1463 2823 MSS.

195 2844 226 2877 I.
239 2853 283 2876 m.
300 2847 333 2884 7,
348 2844 384 2876 d.
846 2838 933 2871 coll.
949 2838 1045 2870 Arm.
1061 2838 1128 2869 and
1144 2837 1234 2870 Coit.
1244 2837 1322 2870 Tib.

263 2919 366 2949 VOL.
392 2918 443 2949 11.
494 2958 503 2973 x
1245 2914 1260 2944 1
