2038 3306
365 347 589 377 WAL'I’Em
625 347 686 376 nr.
718 347 1095 378 nnmmcnuncn.
1273 338 1361 379 417

96 448 207 489 nihil
232 450 363 491 nobis
388 450 537 491 facere
558 450 704 492 voluit
736 451 781 491 in
812 450 1040 501 effectum,
1062 451 1140 492 sed
1164 455 1358 506 semper,
1380 463 1499 489 reward
1519 465 1576 512 ¹¹]-

95 514 396 568 pendentibus
419 517 647 558 simulatis
672 517 960 566 tractatibus,
984 518 1236 560 cumulavit
1255 531 1357 572 per·
1378 498 1565 578 Ltt'tg'sffl*

95 581 293 635 amplius
317 583 440 624 mala
472 583 612 626 malis.
676 583 874 636 Propter
906 584 1029 638 quod
1055 584 1224 626 donum
1253 584 1357 635 Dei,
1378 585 1525 649 ξῗξιῗέἓξ

95 648 174 701 qui
217 649 453 690 nobiscum
488 650 535 691 in
575 649 867 691 devolutione
906 650 1016 691 dicti
1054 651 1186 704 regni
1224 663 1356 692 suam
1376 652 1555 717 {Zffissffl'he

93 713 353 757 mirificavit
391 716 603 769 gratiam,
634 715 842 757 nolentes
874 716 1123 770 negligere,
1154 717 1233 758 sed
1275 730 1354 759 vo·
1375 718 1575 784 gssfggssssggeess‘

91 779 253 830 lentes,
286 787 336 823 ut
367 782 596 833 convenit,
627 782 752 823 circa
781 782 1090 836 recuperanda
1122 787 1169 824 et
1198 783 1354 825 defen·
1374 785 1483 843 ffigssgh

90 845 239 888 denda
267 847 377 902 jura
415 853 575 890 nostra
605 847 894 890 haereditaria
921 849 1007 890 sub
1039 862 1120 903 spe
1151 850 1354 892 coelestis
1375 852 1461 883 ¹0¹¹ss-

90 912 250 954 auxilii
274 919 320 955 et
338 914 533 968 justitiae
555 921 724 955 nostrae
749 914 915 956 fiducia
933 915 1158 964 laborare,
1182 929 1240 956 ex
1262 929 1354 969 quo

91 991 173 1031 per
203 979 384 1021 oblatas
421 981 519 1022 vias
544 980 762 1033 pacificas
795 980 1015 1034 proficere
1046 981 1352 1034 nequivimus,

89 1044 351 1098 impellente
385 1046 675 1095 necessitate,
710 1047 802 1087 vim
837 1051 1060 1088 armatam
1091 1047 1348 1096 induimus;

91 1111 327 1152 venientes
362 1111 650 1154 Britanniam
677 1126 760 1166 pro
795 1112 1097 1154 reformandis
1134 1113 1279 1155 illatis
1306 1120 1353 1156 et

89 1177 413 1230 propulsandis
436 1179 679 1220 inserendis
703 1179 835 1220 nobis
856 1192 937 1233 per
960 1192 1064 1220 eum
1084 1179 1282 1234 injuriis,
1306 1186 1353 1222 et

85 1242 268 1296 juribus
304 1245 473 1286 nostris
503 1245 805 1287 haereditariis
835 1245 1110 1294 obtinendis,
1146 1246 1352 1288 volentes

89 1310 242 1362 potius
288 1311 346 1351 ad
394 1324 660 1354 succursum
704 1312 835 1353 nobis
884 1311 1212 1353 adhaerentium
1266 1313 1354 1354 sibi

88 1380 301 1428 patenter
331 1390 569 1419 occurrere
599 1391 737 1432 quam
770 1378 1048 1420 comminata
1068 1379 1209 1426 nobis
1233 1380 1351 1432 peri-

89 1442 195 1484 cula
218 1443 265 1484 in
291 1443 464 1485 laribus
484 1451 744 1498 expectare.
797 1445 871 1494 Et,
891 1458 993 1486 cum
1015 1444 1182 1486 ibidem
1204 1445 1251 1486 in
1270 1458 1353 1486 ex—

90 1509 319 1561 peditione
363 1524 541 1563 guerrae
579 1516 748 1553 nostrae
783 1524 1039 1564 ageremus,
1077 1524 1352 1565 supervene-

90 1581 198 1616 runt
234 1577 469 1618 reverendi
497 1582 651 1631 patres
681 1577 735 1619 P.
758 1577 1054 1618 Penestrinus
1084 1582 1130 1619 et
1152 1576 1209 1618 A.
1230 1577 1352 1619 Tus-

91 1642 282 1683 culanus
307 1644 509 1697 episcopi
536 1643 808 1693 cardinales,
833 1643 1109 1685 sanctissimi
1132 1643 1178 1683 in
1201 1642 1353 1685 Chris-

92 1713 140 1749 to
170 1709 315 1762 patris
344 1709 516 1750 domini
549 1709 797 1751 Clementis
829 1722 963 1763 papae
992 1709 1115 1751 sexti
1151 1715 1196 1750 et
1232 1710 1354 1752 sedis

90 1775 355 1828 apostolicae
391 1775 558 1826 nuncii,
588 1776 645 1817 de
675 1776 850 1829 treugis
880 1789 984 1817 cum
1019 1775 1214 1830 praefato
1245 1775 1354 1816 Phi-

91 1841 217 1895 lippo
244 1842 301 1883 ad
330 1847 510 1896 tempus
538 1842 657 1884 infra
686 1842 810 1896 quod
841 1855 993 1883 coram
1024 1842 1146 1883 dicto
1169 1842 1354 1883 domino

89 1921 267 1949 summo
306 1908 521 1962 pontifice
559 1909 748 1950 tractari
789 1913 945 1962 posset
984 1908 1040 1949 de
1077 1921 1191 1961 pace
1230 1909 1355 1949 finali

93 1974 321 2024 ineundis,
343 1987 402 2015 ex
434 1979 565 2028 parte
591 1974 796 2029 ejusdem
820 1974 992 2015 domini
1015 1973 1179 2014 summi
1203 1975 1354 2027 ponti·

91 2041 188 2083 ficis
221 2053 303 2081 nos
328 2046 561 2093 rogantes,
587 2041 945 2095 adjicientesque
975 2040 1096 2093 quod
1134 2039 1355 2093 praefatus

89 2107 300 2149 dominus
321 2120 526 2148 summus
550 2107 755 2161 pontifex
779 2106 982 2147 crederet
1004 2106 1210 2147 invenire
1232 2106 1353 2146 viam

90 2187 171 2227 per
201 2187 338 2227 quam
375 2186 468 2227 pax
509 2178 665 2227 posset
701 2172 935 2214 commode
971 2172 1220 2213 reformari.
1294 2172 1355 2213 Et

90 2241 175 2281 sub
215 2253 295 2293 spe
335 2240 464 2294 pacis
500 2242 632 2282 bonae
666 2253 746 2293 per
785 2243 992 2280 sanctam
1034 2237 1351 2279 mediationem

89 2320 218 2349 suam
274 2307 511 2354 faciendae,
557 2306 818 2360 specialiter
873 2306 930 2347 ob
985 2305 1130 2358 ipsius
1183 2303 1353 2344 domini

90 2374 254 2416 summi
305 2373 535 2426 pontificis
584 2373 811 2425 dietaeque
861 2371 982 2412 sedis
1037 2370 1353 2422 reverentiam,

90 2440 401 2483 consensimus
441 2439 575 2481 dictis
612 2438 803 2491 treugis,
825 2442 871 2479 et
904 2442 1091 2492 propter
1120 2437 1204 2477 hoc
1240 2449 1354 2476 nun-

90 2506 200 2557 cios,
242 2519 346 2547 cum
387 2510 616 2559 potestate
657 2503 911 2553 sufficienti,
962 2503 1019 2544 ad
1062 2502 1351 2556 praesentiam

90 2586 220 2615 suam
271 2572 617 2614 destinavimus.
708 2570 1007 2623 Fueruntque
1064 2574 1239 2621 treugae
1289 2569 1353 2608 sic

91 2640 215 2680 initae
251 2640 373 2680 inter
412 2651 496 2679 nos
534 2643 581 2679 et
614 2637 786 2678 dictum
815 2635 1097 2690 Philippum,
1132 2635 1199 2676 ita
1233 2634 1353 2687 quod

89 2712 384 2747 servarentur
410 2705 579 2757 ubique
606 2703 727 2744 infra
761 2706 1035 2756 potestatem
1063 2701 1279 2754 partium,
1311 2706 1356 2741 et

87 2771 350 2826 specialiter
391 2771 439 2811 in
479 2771 649 2811 ducatu
698 2770 966 2817 Britanniae,
1011 2768 1128 2809 inter
1180 2779 1262 2808 nos
1309 2771 1355 2806 et

87 2839 234 2892 ipsum
274 2836 539 2890 Philippum
575 2842 621 2878 et
659 2835 945 2876 adhaerentes
977 2834 1107 2875 nobis
1144 2834 1215 2874 vel
1253 2832 1355 2882 sibi,

122 2931 224 2960 VOL.
250 2930 294 2959 11.
1070 2926 1094 2955 E
1130 2926 1154 2955 1⁴:
