2038 3306
439 295 665 327 wAn'rssm
698 296 761 326 nn
793 295 1172 329 nancBUch.
1344 287 1433 330 299

167 399 445 442 sufficienter
473 400 663 450 ditatuS,
688 401 902 454 operibus
923 402 1213 443 eleemosinae
1233 400 1429 450 deditus,
1448 411 1649 470 ξανότᾱιῶι.

168 465 475 520 hospitalitati
517 466 737 517 intentus,
776 473 823 508 et
863 480 1127 522 quanquam
1168 480 1251 521 per
1288 478 1428 507 unum
1488 462 1494 469 “
1538 463 1544 469 ’
1629 463 1636 470 ’

167 531 365 573 milliare
408 537 455 573 et
496 532 694 586 amplius
736 545 765 573 a
802 533 937 574 domo
978 546 1064 574 sua
1104 537 1283 575 semota
1310 532 1431 573 foret

170 597 380 647 ecclesia,
419 597 547 639 nulla
583 598 796 639 imbrium
836 598 1048 641 molestia
1083 603 1164 640 aut
1199 598 1318 640 aeris
1358 597 1429 638 in-

168 664 387 717 temperie
406 663 668 717 impeditus,
681 664 875 717 singulis
891 665 1052 706 diebus
1072 665 1256 706 missam
1270 662 1430 705 audire

168 729 363 771 solebat.
436 729 590 771 Nocte
614 742 724 772 vero
745 730 960 783 quadam,
983 730 1091 771 dum
1112 730 1267 784 sopori
1287 742 1429 771 mem-

167 795 251 835 bra
270 795 487 845 dedisset,
502 807 650 848 usque
664 795 722 836 ad
740 795 882 848 plana
903 794 1168 837 Salisburiae
1188 808 1271 849 per
1287 795 1432 849 longa

168 864 393 902 terrarum
434 861 588 914 spatia
627 860 780 902 subito
818 873 869 902 se
901 861 1179 902 translatum
1212 860 1427 908 videbam

168 931 214 967 et
259 928 392 968 ecce!
438 938 468 966 a
510 925 823 979 septentrione
866 927 1098 968 exercitus
1144 939 1340 979 magnus
1382 930 1430 967 et

168 991 384 1032 terribilis
405 1004 509 1033 cum
529 991 675 1045 equis,
699 992 855 1041 armis,
877 996 924 1033 et
947 992 1163 1034 universo
1183 996 1429 1045 apparatu,

168 1057 269 1110 pice
289 1057 582 1111 nigrioribus,
605 1058 877 1110 apparebat,
895 1071 1031 1111 quem
1054 1057 1205 1099 nudus
1225 1057 1429 1111 quidam,

168 1128 337 1176 praeter
357 1123 613 1172 femoralia,
634 1123 911 1165 antecedens
942 1136 1123 1165 crucem
1154 1124 1203 1165 in
1228 1123 1429 1165 humeris

169 1189 423 1243 bajulavit3
479 1190 538 1230 ab
581 1193 739 1230 austro
779 1202 889 1231 vero
929 1190 1154 1243 processit
1197 1190 1429 1231 exercitus

169 1267 259 1295 non
284 1255 505 1305 modicus,
522 1255 705 1296 inomni
722 1267 878 1296 00111111
900 1261 1129 1309 apparatu
1151 1255 1428 1305 albissimus,

169 1333 308 1374 quam
325 1322 457 1374 virgo
470 1320 683 1374 quaedam
697 1320 1019 1375 pulcherrima,
1035 1321 1254 1363 vexillum
1268 1321 1428 1363 Sancti

170 1386 361 1440 Georgii
394 1387 443 1428 111
475 1387 688 1428 manibus
722 1386 886 1437 ferens,
914 1388 1152 1442 praeiebat,
1188 1400 1292 1442 quae
1323 1401 1427 1429 cum

169 1458 363 1506 uterque
383 1453 615 1497 exercitus
644 1454 1016 1507 appropinquare
1045 1453 1294 1504 videretur,
1317 1459 1425 1495 ante

169 1519 342 1560 nudum
375 1518 603 1560 hominem
634 1518 766 1559 illum
795 1519 990 1572 genibus
1025 1519 1162 1561 flexis
1194 1524 1428 1573 prostrata

169 1589 254 1633 est,
275 1584 447 1634 dicens,
469 1587 499 1606 “
518 1584 610 1626 Fili
628 1584 939 1635 dilectissime,
953 1585 1123 1639 saepius
1139 1585 1428 1627 clementiam

168 1654 295 1690 tuam
335 1650 496 1692 humili
539 1650 731 1691 exoravi
770 1663 921 1704 prece,
957 1656 1186 1705 quatenus
1224 1651 1428 1705 peccatis

168 1715 410 1757 Scotorum
461 1716 850 1758 invalescentibus
900 1718 980 1770 qui
1033 1722 1204 1759 terram
1243 1716 1429 1770 Angliae

168 1782 336 1823 totiens
367 1781 539 1836 injuste
582 1794 754 1823 vexare
789 1796 882 1823 non
920 1783 1148 1825 desistunt
1185 1783 1325 1832 caede,
1356 1784 1429 1824 in-

169 1847 341 1897 cendio,
388 1853 434 1889 et
473 1848 596 1900 igne,
636 1848 684 1888 in
724 1849 1032 1902 praesentique
1080 1862 1240 1903 preces
1286 1849 1427 1890 fundo

168 1925 307 1966 super
354 1913 530 1954 scelera
575 1926 734 1955 corum
778 1914 1028 1956 vindictam
1072 1915 1330 1956 accelerare
1371 1928 1428 1956 ne

167 1978 396 2020 differas.'’
468 1979 556 2021 Cui
587 1979 664 2020 ille
689 1979 783 2021 ait:
817 1979 991 2022 “Num
1027 1981 1229 2033 ignoras,
1264 1985 1427 2031 mater,

169 2044 331 2086 Scotos
377 2046 801 2087 excommunicatos
849 2058 949 2087 esse
1001 2050 1048 2087 et
1097 2045 1428 2087 abominabiles

169 2110 350 2152 factos?
421 2110 470 2151 Si
491 2111 611 2152 enim
633 2110 836 2152 vindicta
866 2124 1004 2165 super
1032 2113 1238 2165 nequitia
1270 2125 1427 2154 eorum

171 2176 301 2217 fieret
340 2176 524 2226 festina,
562 2177 744 2229 reprobi
780 2182 1017 2219 manerent
1052 2178 1099 2218 in
1133 2182 1343 2219 eternum
1379 2183 1426 2219 et

168 2242 399 2283 damnati:
441 2254 686 2296 parumper
738 2243 858 2283 enim
899 2243 937 2283 si
983 2242 1100 2285 forte
1131 2256 1181 2284 se
1215 2244 1428 2285 emenda-

168 2309 318 2349 verint
357 2313 403 2348 et
426 2309 485 2349 ab
517 2308 835 2362 iniquitatibus
865 2309 1141 2362 resipuerint
1172 2310 1425 2351 misericor-

168 2373 288 2415 diter
301 2374 582 2427 expectabo;
616 2374 685 2415 sin
703 2378 872 2424 autem,
889 2387 1028 2416 manu
1042 2380 1234 2417 extenta
1246 2376 1428 2418 veniam

168 2444 330 2481 contra
348 2453 427 2481 eos
449 2445 495 2481 et
527 2440 573 2480 in
597 2440 728 2492 virga
755 2440 904 2482 ferrea
933 2445 979 2482 et
1007 2441 1255 2483 ulciscente
1278 2442 1432 2484 taliter

168 2506 434 2558 percutiam,
460 2506 581 2559 quod
618 2519 700 2559 per
734 2507 889 2547 orbem
923 2507 1084 2548 merito
1116 2512 1353 2550 vertentur
1384 2508 1432 2549 in

167 2571 369 2612 fabulam
395 2577 440 2612 et
462 2571 775 2625 exemplum.”
846 2572 937 2613 His
960 2573 1111 2623 dictis,
1135 2573 1256 2616 sicut
1277 2575 1431 2616 subito

166 2642 360 2691 uterque
400 2642 590 2679 venerat
632 2639 862 2679 exercitus
901 2639 966 2680 sic
1010 2646 1057 2680 et
1105 2639 1331 2693 disparuit
1374 2642 1432 2683 ab

169 2703 312 2744 oculis
352 2703 462 2746 suis.
532 2703 683 2745 Senex
716 2703 831 2746 enim
871 2705 949 2758 qui
984 2704 1082 2746 haec
1123 2705 1239 2748 vidit
1271 2706 1432 2749 vicinis

167 2769 264 2810 suis
276 2782 358 2822 per
369 2769 575 2811 ordinem
589 2770 762 2820 retulit,
773 2774 819 2811 et
832 2769 1261 2824 ScotosAnglorum
1270 2786 1431 2815 manus

1447 499 1558 531 Legem}
1565 516 1573 525 .
