2038 3306
536 296 623 339 236
1028 307 1309 339 canonicos

343 424 461 450 imam
474 425 497 450 1.
539 412 595 453 ad
622 410 971 460 verberandum,
992 410 1338 462 vulnerandum,
1370 411 1489 453 male
1509 410 1796 453 tractandum

326 457 509 537 „⁴2¹2me
539 483 585 519 et
615 475 973 526 interficiendum
997 476 1152 530 plures
1171 477 1228 521 de
1249 490 1391 531 regno
1413 482 1571 519 nostro
1590 478 1637 518 in
1657 477 1797 527 feriis,

323 545 492 571 nautam.
541 542 768 591 mercatis,
791 546 837 582 et
859 541 961 582 aliis
992 542 1106 583 locis
1135 543 1182 582 in
1205 542 1326 584 dicto
1356 544 1594 592 comitatu,
1615 556 1699 596 pro
1728 543 1797 584 in-

536 608 739 656 imicitia,
764 607 953 656 invidia,
977 607 1167 648 malitia.
1241 607 1302 649 Et
1327 608 1466 649 etiam
1487 620 1572 661 pro
1593 621 1648 649 eo
1671 608 1794 662 quod

539 675 584 714 in
606 673 778 722 assisis,
793 673 980 727 juratis,
1011 672 1397 726 recognitionibus
1421 679 1468 715 et
1492 673 1797 727 inquisitioni-

540 740 623 780 bus
646 738 779 779 factis
800 738 856 779 de
887 738 1080 788 feloniis‚
1111 739 1251 792 positi
1274 738 1461 780 fuerunt
1483 744 1529 780 et
1555 738 1795 780 veritatem

537 805 773 852 dixerunt3
794 803 914 845 unde
927 817 1009 858 per
1021 804 1365 846 conductionem
1382 803 1643 858 hujusmodi
1656 803 1796 845 male-

539 870 763 912 factorum
779 869 1013 924 juratores
1028 870 1292 920 assisarum,
1301 869 1578 924 juratarum,
1593 869 1796 922 recogni-

540 936 714 977 tionum
739 941 785 977 et
814 935 1159 989 inquisitionum
1180 935 1378 986 illarum,
1401 948 1497 989 prae
1519 936 1681 977 timore
1702 934 1798 975 dic·

540 1006 690 1043 torum
720 1001 1064 1042 malefactorum
1088 1006 1134 1042 et
1165 1014 1321 1042 eorum
1355 1001 1596 1050 minarum,
1626 1000 1796 1053 saepius

539 1067 778 1109 veritatem
835 1067 983 1108 dicere
1026 1079 1107 1107 seu
1159 1066 1306 1108 dictos
1358 1066 1677 1107 malefactores
1727 1066 1794 1106 in-

541 1132 714 1173 dictare
756 1133 937 1173 minime
972 1133 1074 1173 ausi
1108 1132 1291 1172 fuerunt
1322 1137 1367 1172 et
1397 1137 1528 1179 sunt;
1562 1136 1608 1172 et
1643 1131 1700 1171 ad
1727 1131 1797 1171 in-

539 1197 807 1249 quirendum
837 1197 893 1238 de
917 1197 1008 1237 illis
1039 1198 1118 1250 qui
1148 1196 1410 1251 hujusmodi
1440 1209 1631 1237 munera
1657 1196 1794 1238 dede-

537 1267 644 1303 runt
665 1267 711 1303 et
729 1262 856 1312 dant,
872 1268 918 1303 et
941 1267 1181 1316 quantum',
1202 1267 1248 1303 et
1271 1262 1453 1316 quibus,
1470 1267 1517 1303 et
1536 1262 1614 1315 qui
1636 1261 1796 1316 hujus-

538 1327 660 1368 modi
680 1340 868 1368 munera
894 1333 1164 1380 receperunt
1185 1333 1231 1368 et
1253 1327 1492 1381 recipiunt,
1512 1333 1559 1368 et
1581 1340 1609 1368 a
1630 1327 1795 1380 quibus

537 1399 583 1434 et
607 1393 821 1447 qualiter,
844 1398 891 1434 et
920 1393 1165 1446 quomodo,
1189 1397 1236 1434 et
1259 1393 1337 1447 qui
1364 1393 1628 1447 hujusmodi
1654 1392 1795 1434 male-

537 1459 735 1500 factores
768 1459 815 1499 in
852 1471 937 1499 sua
969 1458 1147 1499 malitia
1174 1458 1345 1509 fovent,
1374 1459 1597 1508 nutriunt,
1623 1463 1670 1500 et
1698 1471 1795 1500 ma-

537 1529 759 1566 nutenent
797 1525 843 1565 in
888 1525 1105 1565 comitatu
1150 1524 1385 1577 praedieto.
1473 1524 1533 1565 Et
1571 1524 1629 1566 ad
1670 1524 1794 1578 ipsos

535 1590 870 1639 malefactores,
896 1595 990 1630 tam
1011 1602 1093 1644 per
1113 1602 1195 1630 vos
1223 1602 1360 1642 quam
1383 1603 1464 1642 per
1484 1589 1796 1631 vicecomitem

536 1662 742 1696 nostrum
773 1655 1017 1696 comitatus
1050 1654 1273 1708 praedicti,
1298 1654 1605 1704 arrestandos‚
1630 1660 1677 1696 et
1699 1655 1793 1708 pri·

536 1733 661 1762 sonae
699 1724 866 1761 nostrae
904 1720 1177 1770 liberandos,
1219 1724 1265 1761 et
1301 1720 1430 1761 salvo
1469 1726 1515 1761 et
1554 1733 1714 1762 secure
1748 1721 1794 1761 in

537 1786 695 1827 eadem
719 1798 801 1840 per
818 1786 1131 1828 vicecomitem
1151 1785 1394 1827 comitatus
1417 1785 1625 1840 praedicti
1645 1791 1795 1828 custo-

538 1852 743 1901 diendos,
774 1852 839 1893 ita
871 1852 992 1905 quod
1018 1853 1076 1893 ab
1106 1851 1263 1892 eadem
1290 1852 1477 1905 prisona
1507 1851 1633 1893 nullo
1658 1852 1794 1893 modo

538 1917 845 1958 deliberentur
881 1917 978 1958 sine
1014 1917 1232 1958 mandato
1268 1922 1426 1958 nostro
1461 1917 1663 1971 speciali.
1735 1918 1796 1959 Et

537 1982 639 2023 ideo
681 1983 811 2023 vobis
850 1983 1118 2024 mandamus
1148 1983 1271 2036 quod
1302 1982 1360 2024 ad
1398 1988 1546 2025 certos
1585 1983 1703 2024 diem
1747 1989 1794 2026 et

537 2047 704 2097 locum,
720 2061 836 2102 quos
860 2048 918 2089 ad
934 2047 1020 2089 hoc
1035 2048 1341 2102 provideritis,
1357 2048 1676 2101 inquisitiones
1690 2048 1793 2090 illas

537 2113 733 2163 faciatis,
769 2120 815 2155 et
849 2119 1084 2168 assumpto
1128 2114 1363 2155 vobiscum
1395 2103 1632 2156 sufficienti
1661 2127 1796 2168 posse

537 2181 782 2221 comitatus
804 2180 1028 2233 praedicti,
1049 2180 1089 2221 si
1109 2192 1292 2221 necesse
1313 2180 1465 2229 fuerit,
1485 2179 1631 2221 dictos
1654 2180 1794 2222 male-

537 2245 734 2286 factores
766 2258 919 2287 coram
952 2245 1081 2286 vobis
1117 2246 1182 2287 sic
1213 2245 1459 2287 indictatos
1490 2246 1718 2294 arestetis‚
1748 2251 1795 2300 et

536 2311 658 2364 ipsos
683 2311 880 2365 prisonae
898 2316 1061 2352 nostrae
1084 2311 1288 2353 liberetis
1310 2312 1357 2352 in
1377 2311 1524 2352 forma
1547 2312 1795 2365 praedicta3

536 2382 582 2418 et
621 2377 760 2419 etiam
797 2377 950 2419 omnia
990 2378 1112 2418 bona
1144 2383 1188 2418 et
1221 2377 1390 2418 catalla
1424 2377 1627 2431 ipsorum
1657 2378 1795 2419 male-

534 2442 758 2484 factorum
778 2443 857 2497 qui
879 2447 890 2465 ‘
905 2456 955 2484 se
969 2438 1002 2459 ’¹
1020 2443 1334 2484 subtraxerint
1347 2448 1393 2484 et
1411 2442 1567 2496 fugam
1587 2443 1795 2493 fecerint,

536 2514 778 2562 postquam
810 2508 866 2550 de
901 2508 1078 2549 feloniis
1109 2508 1339 2563 aliquibus
1370 2521 1524 2549 coram
1557 2509 1687 2549 vobis
1718 2521 1791 2549 so-

536 2574 740 2616 lemniter
760 2575 966 2615 indictati
1000 2574 1179 2623 fuerint,
1208 2587 1289 2627 per
1310 2573 1622 2615 vicecomitem
1654 2574 1793 2614 comi-

537 2646 660 2681 tatus
684 2641 890 2694 praedicti
917 2641 961 2681 in
987 2653 1170 2681 manum
1197 2645 1397 2680 nostram
1424 2639 1635 2692 capiatis,
1658 2644 1705 2680 et
1740 2653 1794 2681 ea

929 2791 936 2810 ¹
963 2793 1110 2825 Omitted
1127 2793 1161 2824 in
1178 2792 1253 2824 MS.
1270 2792 1396 2824 Lansd.
