1992 3202
480 256 707 288 WAL'PERI
741 256 802 286 DE
834 255 1210 288 HEMINGBURGH.
1421 244 1478 285 71

216 374 307 403 non
341 366 495 404 tamen
534 363 693 404 multae
733 362 880 404 literae
925 362 1006 403 sed
1042 362 1240 404 avaritia
1276 360 1480 402 maxima
1508 370 1678 429 fagur&

214 441 318 469 eum
339 428 447 471 fecit
469 430 602 483 quasi
621 428 837 470 insanire.
906 427 1063 470 Sitivit
1092 429 1212 469 enim
1243 427 1378 470 valde
1401 440 1479 481 pe·
1537 421 1544 429 '
1583 421 1590 428 ”
1676 421 1683 427 ’

214 495 397 536 cuniam
421 501 467 536 et
491 495 796 537 substantiam
829 494 1039 544 aliorum,
1063 494 1198 545 unde,
1223 494 1353 549 justo
1389 493 1479 535 Dei

208 560 403 615 judicio,
444 562 654 615 contigit,
694 567 762 612 ut,
806 562 886 615 qui
926 561 1214 602 subditorum
1254 562 1392 610 bona,
1433 566 1480 602 et

215 627 417 669 maxime
454 629 513 670 ab
545 628 789 679 intestatis,
814 627 980 678 sitiret,
1002 626 1156 669 subita
1176 627 1309 682 quasi
1332 631 1480 669 morte

214 699 495 746 praeventus,
529 695 705 736 nullum
742 694 817 736 vel
849 693 1076 752 modicum
1110 706 1171 735 ex
1203 698 1481 736 testamento

215 761 402 815 proprio
439 767 712 804 consecutus
749 765 821 802 est
857 759 1230 802 emolumentum.
1299 759 1479 802 Execu-

215 830 339 868 tores
360 827 482 868 enim
502 828 575 868 sui
594 840 644 868 se
659 826 962 869 intromittere
986 825 1249 877 noluerunt,
1268 825 1335 867 ita
1358 826 1480 880 quod

215 905 307 934 non
341 893 398 934 de
434 893 639 947 proprio,
670 893 750 935 sed
789 893 946 946 potius
976 891 1142 943 alieno,
1182 891 1356 934 fiebant
1397 905 1481 933 ex-

213 971 370 1012 pensae
403 958 630 1010 funerum,
654 964 701 1001 et
737 959 786 1000 in
820 957 1015 1000 ecclesia
1049 970 1135 999 sua
1167 971 1272 1000 cum
1309 958 1482 1000 honore

215 1025 413 1079 simplici
463 1026 695 1080 repositus
746 1029 832 1068 est.
914 1023 1024 1066 Non
1064 1024 1184 1066 enim
1226 1024 1361 1078 panis
1406 1024 1479 1066 vel

214 1091 379 1133 obolus
411 1105 496 1146 pro
531 1092 686 1133 anima
720 1091 920 1133 dabatur
959 1090 1121 1144 ipsius.
1191 1090 1286 1133 Hic
1321 1091 1481 1133 visita-

214 1158 385 1199 tionem
406 1158 735 1200 Dunolmensis
767 1157 990 1207 ecclesiae,
1011 1170 1150 1211 quam
1170 1158 1482 1211 praedecessor

214 1237 326 1265 suus
341 1224 448 1279 jure
469 1229 516 1267 et
529 1224 851 1280 jurisdictione
875 1223 1076 1265 Eburum
1099 1224 1305 1266 ecclesiae
1326 1224 1483 1266 vendi-

215 1296 419 1341 caverat,
442 1296 650 1346 accepta,
680 1295 734 1332 ut
763 1290 1016 1341 dicebatur,
1039 1291 1252 1344 pecunia,
1281 1290 1481 1349 dormire

215 1357 447 1399 sustinuit.
518 1357 837 1400 obedientiam
857 1356 995 1398 etiam
1035 1356 1364 1400 Dunolmensis
1384 1357 1480 1411 epi-

215 1424 360 1477 scopi,
401 1436 539 1477 quam
586 1424 733 1478 primo
770 1435 992 1477 pompose
1028 1423 1242 1477 petierat,
1273 1423 1480 1478 appella-

216 1490 342 1530 tione
364 1489 652 1551 interposita,
673 1489 875 1543 segniter
903 1495 1176 1543 prosecutus
1206 1495 1292 1532 est.
1354 1490 1481 1532 Huic
1498 1493 1654 1519 Heffluc·

215 1556 437 1598 successit
473 1555 704 1598 Henricus
737 1555 795 1597 de
842 1554 1060 1606 Newerk,
1095 1555 1303 1611 ejusdem
1336 1556 1482 1598 eccle·
1496 1527 1600 1592 ἓξὲξ
1610 1528 1646 1586 3ss

1498 1594 1629 1619 Newark.

215 1622 295 1663 siae
338 1622 555 1673 decanus,
601 1623 775 1664 electus
825 1634 854 1663 a
900 1621 1120 1664 fratribus
1163 1622 1238 1664 die
1282 1622 1480 1664 Veneris
1496 1628 1629 1694 {3333-

216 1690 430 1742 proximo
467 1694 576 1731 ante
606 1689 935 1731 Ascensionem
970 1687 1189 1739 Domini,¹
1219 1689 1329 1730 anni
1357 1689 1481 1744 ejus-

216 1754 320 1798 dem
374 1767 638 1807 M.ccxcx⁷1.,
687 1755 784 1810 qui,
834 1755 986 1797 missis
1034 1754 1094 1797 ad
1147 1768 1319 1810 papam
1364 1769 1481 1797 nun-

217 1821 329 1877 ciis,
374 1835 429 1864 eo
479 1823 603 1876 quod
653 1821 957 1877 personaliter
1000 1822 1127 1863 adire
1178 1835 1271 1864 non
1326 1827 1485 1876 posset

216 1893 406 1942 propter
434 1902 622 1931 exosam
658 1901 872 1942 guerram
906 1889 1028 1930 inter
1058 1889 1174 1930 duos
1201 1901 1334 1942 reges
1363 1889 1484 1943 peri-

217 1954 501 1997 culosissime
525 1956 856 2005 continuatam,
887 1968 968 2009 per
991 1955 1164 1996 bullam
1195 1956 1341 2009 ipsius
1369 1968 1480 1997 con-

218 2020 426 2063 firmatus
458 2027 530 2064 est
564 2022 611 2063 in
645 2034 765 2063 anno
797 2021 1024 2074 sequenti,
1056 2026 1103 2062 et
1131 2022 1296 2062 iterum
1330 2021 1481 2063 missis

218 2088 397 2128 nunciis
435 2101 520 2141 pro
557 2088 902 2129 consecratione
933 2091 980 2128 et
1011 2086 1168 2140 pallio,
1200 2099 1258 2128 ex
1296 2087 1480 2141 dispen-

219 2153 398 2194 satione
431 2153 635 2208 ejusdem
664 2166 799 2208 papae
834 2152 1061 2194 Bonisacii
1087 2158 1385 2195 consecratus
1411 2158 1483 2195 est

218 2219 266 2259 in
306 2219 501 2261 ecclesia
536 2232 622 2261 sua
657 2220 861 2261 Eborum
898 2232 980 2272 per
1013 2218 1265 2262 Antonium
1302 2219 1480 2262 Dunol—

219 2297 420 2327 mensem
437 2285 718 2340 episcopum,
734 2286 809 2327 cui
828 2285 1119 2327 commiserat
1134 2298 1257 2340 papa
1277 2290 1480 2340 potesta-

219 2356 312 2392 tem
348 2351 465 2393 hanc
499 2352 760 2406 specialem,
800 2351 1042 2394 Dominica
1074 2351 1250 2394 scilicet
1282 2352 1483 2394 secunda
1499 2368 1623 2399 sunday,

219 2422 325 2471 post
347 2417 516 2460 festum
555 2418 739 2460 Sanctae
772 2417 1028 2467 Trinitatis,
1055 2429 1178 2459 xvn.
1203 2418 1378 2460 scilicet
1399 2418 1481 2460 ka·
1499 2402 1632 2461 {35³5¹⁵’

222 2483 381 2526 lendas
405 2484 435 2527 J
440 2485 539 2536 ulii,
558 2498 677 2527 anno
702 2484 889 2526 Domini
914 2487 926 2505 ‘
945 2483 1270 2526 M.ccxov111.'²

265 2654 274 2673 ¹
297 2656 370 2688 The
394 2658 452 2689 Ἰώ
474 2658 513 2690 of
534 2659 631 2702 May,
652 2659 834 2700 according
914 2656 929 2678 2
949 2658 960 2676 ‘
973 2658 1150 2700 M.ccxcv.,'
1165 2659 1267 2693 MSS.
1283 2659 1372 2693 0011.
1391 2659 1488 2693 Arm.

216 2706 251 2734 to
267 2703 315 2735 Le
332 2704 441 2738 Neve.
869 2706 937 2737 and
953 2704 1043 2738 Cott.
1059 2705 1137 2740 Tib.
