2038 3306
507 323 733 354 WALTERI
770 325 832 355 DE
861 324 1236 357 HEMINGBURGH.
1404 317 1492 359 247

276 492 477 544 Quomodo
497 491 695 536 Robertus
712 493 827 535 Brus
835 494 946 549 fecit
967 507 1007 536 se
1026 494 1220 550 coronari
1238 494 1285 536 in
1305 493 1452 550 Reyem
1526 510 1686 569 {dgfflgg

782 561 939 602 Scotiae.
1554 563 1560 569 '
1598 563 1604 569 '
1689 561 1697 568 '

294 674 433 718 Anno
476 677 660 719 Domini
706 688 912 720 M.cccvx.
947 677 1212 731 incipiente,
1255 676 1490 718 Robertus
1506 691 1635 751 {³:2²3ssss

227 741 286 783 de
331 743 452 784 Brus
495 743 760 797 praedictus,
801 744 874 785 die
894 743 1281 785 Annunciationis
1322 743 1484 784 Beatae
1508 759 1586 791 mag
1597 759 1627 784 or

227 807 394 850 Mariae
429 809 537 851 fecit
567 822 617 850 se
651 811 860 851 coronari
896 809 943 850 in
978 822 1132 862 regem
1167 809 1334 851 Scotiae
1367 808 1488 862 apud
1507 793 1646 865 ῗῗέοιῗὲἓ,

227 874 388 923 Smne,
427 876 729 929 prae‘sentibus
773 880 819 917 et
859 876 1249 917 consentientibus
1293 881 1492 929 quatuor
1508 860 1664 919 fflffssx'ss’zs.

226 941 467 994 episcopis,
511 942 713 995 quinque
752 941 1010 992 comitibus,
1043 946 1090 983 et
1122 941 1293 995 populo
1338 946 1518 990 terrae„

228 1005 363 1047 Uxor
391 1011 546 1048 autem
577 1006 756 1048 comitis
787 1007 844 1048 de
879 1007 1120 1058 Boucban,
1139 1020 1242 1060 quae
1268 1011 1366 1048 erat
1395 1006 1491 1048 filia

225 1072 405 1114 comitis
426 1072 483 1114 de
509 1073 648 1127 Fyth,
666 1073 740 1114 cui
758 1073 814 1115 de
832 1073 938 1128 jure
959 1073 1250 1116 haereditario
1270 1073 1490 1126 competit

225 1150 439 1180 coronam
473 1152 705 1194 apponere
731 1140 874 1194 capiti
912 1141 1020 1182 novi
1051 1140 1189 1193 regis,
1221 1139 1390 1182 furtive
1419 1152 1491 1180 re-

224 1205 363 1246 cessit
387 1218 415 1246 a
447 1205 629 1247 domino
659 1218 758 1255 suo,
779 1206 1010 1248 adducens
1039 1220 1195 1248 secum
1230 1205 1490 1247 dextrarios

226 1269 398 1312 domini
410 1272 482 1312 sui
495 1285 610 1326 quos
627 1276 639 1294 ‘
650 1271 811 1313 domi*
828 1272 1082 1324 dimiserat,
1098 1277 1150 1314 ut
1161 1272 1274 1314 illud
1289 1271 1488 1314 officium

227 1343 461 1379 exerceret
482 1351 493 1389 ;
515 1343 704 1392 propter
723 1338 846 1392 quod
870 1339 1016 1381 iratus
1041 1339 1252 1381 dominus
1273 1338 1388 1393 ejus,
1405 1338 1487 1391 qui

225 1404 323 1456 regi
348 1403 528 1457 Angliae
552 1404 698 1446 fidelis
728 1405 962 1455 extiterat,
983 1418 1087 1447 cum
1118 1406 1165 1446 in
1189 1405 1348 1446 eodem
1369 1417 1489 1446 anno

228 1475 349 1511 esset
383 1475 520 1523 capta
548 1475 594 1512 et
630 1471 766 1513 vellet
805 1484 905 1513 eam
941 1472 1179 1525 perimere,
1214 1471 1411 1512 inhibuit
1448 1470 1491 1512 ei

225 1548 324 1586 rex,
354 1541 400 1577 et
422 1536 566 1590 jussit
595 1550 696 1578 eam
729 1538 839 1590 poni
876 1550 1017 1591 supra
1049 1551 1230 1579 murum
1265 1538 1405 1579 castri
1433 1537 1490 1577 de

227 1601 450 1655 Berewyk
471 1602 518 1643 in
536 1603 729 1657 tristega
747 1603 900 1655 lignea
916 1604 1026 1653 fixa,
1042 1610 1095 1646 ut
1120 1605 1186 1645 sic
1205 1616 1234 1644 a
1247 1608 1489 1645 transeun-

224 1667 347 1709 tibus
380 1668 526 1709 videri
560 1675 718 1722 posset
759 1674 804 1710 et
840 1671 1084 1723 cognosci3
1125 1670 1386 1722 mansitque
1423 1669 1490 1710 sic

224 1733 384 1775 clausa
423 1734 579 1776 multis
613 1735 787 1785 diebus,
825 1740 871 1777 et
907 1736 954 1777 in
985 1741 1114 1792 arcta
1147 1737 1286 1778 dieta.
1357 1735 1489 1777 Duos

223 1806 377 1842 autem
408 1801 662 1855 episcopos,
689 1801 1027 1855 Glasguensem
1058 1803 1231 1844 scilicet
1254 1806 1300 1843 et
1321 1799 1489 1843 'Sancti

223 1865 422 1909 Andreae
468 1868 516 1908 in
549 1867 723 1918 Scotia‚
761 1881 864 1909 cum
898 1869 1065 1910 abbate
1092 1869 1148 1910 de
1181 1868 1344 1918 Scone,
1385 1881 1490 1909 cum

225 1939 379 1975 essent
413 1933 533 1975 infra
563 1934 756 1975 eundem
786 1947 956 1976 annum
989 1936 1129 1990 capti,
1164 1935 1290 1976 misit
1325 1947 1409 1976 rex
1443 1934 1491 1975 in

224 1998 444 2052 Angliam
473 2000 531 2041 ad
565 2000 747 2042 diversa
769 2005 939 2051 castra,
963 2006 1320 2054 manseruntque
1344 2000 1490 2041 clausi

223 2065 270 2105 in
294 2071 423 2108 arcto
452 2079 598 2120 usque
628 2067 686 2107 ad
719 2066 894 2108 obitum
924 2067 1060 2120 regis.
1129 2066 1305 2108 Audita
1333 2066 1490 2120 itaque
1506 2087 1551 2112 A„
1567 2086 1684 2118 Engnssh

224 2138 270 2172 et
305 2133 493 2185 cognita
524 2133 818 2174 coronatione
848 2133 956 2174 novi
989 2133 1126 2186 regis,
1153 2133 1375 2186 praemisit
1406 2132 1487 2173 do·
1506 2122 1694 2179 ἓξῖζῖἶαὶἶῖω

223 2198 373 2239 minus
394 2211 477 2239 rex
498 2197 681 2251 Angliae
704 2198 751 2239 in
771 2198 889 2240 festo
912 2197 1240 2241 Pentecostes2
1265 2198 1485 2252 quosdam

224 2276 281 2304 ex
318 2264 540 2305 militibus
579 2264 674 2305 suis
714 2277 816 2305 cum
855 2278 994 2306 manu
1028 2271 1222 2314 armata,
1254 2265 1487 2306 dominum

225 2330 400 2371 scilicet
422 2330 675 2371 Henricum
697 2330 752 2371 de
775 2329 940 2385 Percy,
956 2331 1188 2372 dominum
1203 2330 1485 2372 Almericum

225 2396 282 2437 de
298 2394 554 2446 Walence,³
590 2402 637 2438 et
653 2396 886 2438 dominum
906 2397 1162 2439 Robertum
1187 2397 1244 2438 de
1266 2396 1486 2451 Clyfford,

223 2469 275 2504 ut
297 2475 417 2504 novo
441 2463 537 2516 regi
559 2463 839 2513 resisterent,
861 2469 906 2505 et
928 2468 1310 2518 persequerentur
1332 2475 1451 2504 eum.

268 2631 282 2701 ²¹
304 2635 454 2712 amlitted
470 2635 503 2666 in
520 2635 595 2667 MS.
614 2634 739 2666 Lansd.
918 2653 932 2673 ε
952 2656 1093 2696 Aylmer
1114 2655 1157 2687 de
1174 2655 1335 2696 Valence,
1352 2654 1434 2686 Earl
1453 2653 1491 2686 of

373 2681 531 2722 itsunday
546 2681 708 2714 occurred
723 2690 766 2712 on
781 2679 837 2712 the
872 2703 1076 2735 Pembrooe,

221 2728 309 2760 22nd
326 2728 363 2759 os
375 2729 472 2768 May.
