2038 3306
539 354 626 395 154
1038 362 1319 394 canonicor<

336 476 455 501 Bsswnrd
472 477 495 502 1-
541 469 807 516 servabunt,
844 470 889 506 et
923 465 981 506 ad
1014 465 1116 520 ejus
1164 466 1535 509 observationem
1563 468 1802 510 consilium

330 510 366 534 A.
381 509 406 534 D
432 510 506 534 1297.

316 683 377 708 The
389 683 477 709 rebel-

317 716 389 741 lious
402 718 505 742 barons

541 547 672 575 suum
709 538 756 575 et
796 530 1023 572 auxilium
1064 531 1198 573 fidele
1235 533 1525 586 praestabunt
1561 533 1608 575 in
1642 546 1803 587 perpe-

596 612 622 639 u
673 632 683 642 .

541 604 590 641 tu
610 613 720 718 Ilplse
753 663 891 705 etiam
932 662 1188 704 Edwardus
1218 663 1341 716 regis
1376 662 1497 705 filius
1532 677 1615 718 per
1643 665 1802 706 literas

317 750 513 775 mmmmm
541 743 651 771 suas
678 734 891 784 patentes
912 729 1088 770 remisit
1108 728 1342 782 praedictis
1362 729 1606 771 comitibus
1633 735 1680 771 et
1700 730 1801 771 uni-

317 786 345 806 to
359 783 407 806 the
420 784 496 814 royal

316 816 423 841 favour.

313 2057 459 2088 Saturday,

314 2090 381 2115 Dec.
395 2089 417 2115 7.

539 797 685 838 versis
716 795 812 836 suis
845 794 1120 847 sequacibus
1151 807 1328 836 omnem
1364 794 1534 836 ‘animi
1562 808 1798 837 rancorem

540 861 626 903 et’¹
661 862 831 903 malam
876 860 1176 910 voluntatem,
1219 866 1267 901 et
1300 860 1511 913 promisit
1548 861 1596 902 in
1629 861 1798 903 eisdem

539 927 686 969 literis
722 926 845 980 quod
877 931 1056 979 patrem
1089 939 1223 967 suum
1255 926 1492 968 induceret
1526 926 1674 968 modis
1703 939 1800 968 om-

539 993 671 1035 nibus
707 993 764 1034 ad
801 992 916 1033 illud
954 991 1073 1032 idem
1115 991 1389 1033 faciendum.
1457 991 1628 1034 Omnes
1657 993 1798 1034 etiam

540 1058 789 1100 consiliarii
827 1058 949 1110 regis
985 1057 1063 1111 qui
1095 1057 1263 1098 ibidem
1302 1057 1510 1107 aderant,
1541 1070 1623 1111 per
1652 1059 1798 1112 scrip-

539 1129 635 1165 tum
657 1137 792 1166 suum
822 1135 961 1176 super
983 1123 1070 1164 hoc
1094 1123 1358 1175 specialiter
1383 1123 1656 1173 confectum,
1681 1123 1795 1165 illud

536 1190 654 1231 idem
679 1188 1000 1244 promiserunt,
1024 1194 1071 1229 et
1097 1188 1243 1229 laetati
1275 1193 1384 1229 sunt
1416 1188 1617 1230 universi
1648 1189 1694 1229 in
1724 1189 1798 1231 die

537 1255 637 1297 hac.
717 1255 864 1296 Erant
900 1253 1021 1295 enim
1060 1253 1124 1294 ibi
1160 1266 1219 1294 ex
1251 1258 1385 1306 parte
1421 1254 1543 1306 regis
1575 1254 1799 1308 archiepi-

536 1332 702 1374 scopus
728 1319 1089 1370 cantuariensis,
1124 1323 1172 1360 et
1207 1318 1439 1359 Henricus
1462 1318 1636 1360 electus
1674 1319 1796 1362 Ebo-

534 1399 652 1436 rum,
711 1384 915 1439 episcopi
967 1384 1103 1426 etiam
1156 1384 1505 1434 Londoniensis‚
1562 1385 1793 1439 Elyensis,

535 1450 863 1493 Bathoniensis
906 1456 953 1491 et
996 1450 1339 1491 Coventrensis.
1416 1450 1620 1492 Comites
1656 1451 1795 1493 etiam

536 1517 796 1567 Cornubiae‚
852 1516 1115 1565 Warennae‚
1167 1515 1421 1570 Warewyk
1477 1521 1525 1557 et
1580 1516 1793 1559 Oxoniae.

535 1583 741 1625 Barones
777 1582 916 1623 etiam
952 1581 1191 1623 Johannes
1224 1580 1434 1635 Gyffard,
1468 1581 1702 1623 Henricus
1738 1583 1795 1624 de

534 1649 700 1703 Percy,
727 1653 774 1690 et
795 1647 1082 1700 Reginaldus
1095 1647 1152 1688 de
1167 1646 1374 1701 ‘Grey‚'²
1389 1660 1494 1688 cum
1510 1647 1668 1689 multis
1688 1649 1792 1690 aliis

535 1715 713 1756 clericis
746 1718 794 1755 et
829 1713 976 1754 laicis.
1047 1712 1132 1753 Hii
1168 1725 1323 1754 omnes
1361 1717 1408 1754 et
1436 1713 1622 1766 singuli,
1653 1715 1792 1756 tactis

533 1779 842 1822 sacrosanctis
869 1778 1138 1832 evangeliis,
1158 1778 1452 1832 juraverunt,
1482 1779 1540 1820 ad
1571 1779 1791 1834 majorem

533 1847 599 1887 rei
641 1845 949 1894 securitatem,
990 1844 1111 1897 quod
1156 1844 1399 1898 praedictos
1449 1845 1638 1886 comites
1686 1859 1789 1887 cum

532 1913 628 1952 suis
651 1911 926 1965 sequacibus
955 1910 1165 1951 omnibus
1197 1915 1359 1951 contra
1379 1910 1614 1951 dominum
1634 1924 1790 1964 regem

533 1990 719 2019 servare
770 1976 989 2017 deberent
1039 1975 1209 2017 illaesos
1254 1981 1300 2017 et
1343 1976 1593 2019 indemnes.
1670 1977 1790 2019 Con-

530 2043 657 2083 venit
693 2043 833 2083 etiam
865 2046 918 2082 ut
949 2042 997 2082 in
1032 2041 1233 2082 crastino
1260 2036 1421 2083 Sancti
1443 2041 1659 2084 Nicholai
1691 2044 1788 2097 epi-

529 2108 657 2162 scopi
680 2112 855 2149 certum
877 2119 1015 2160 super
1036 2107 1122 2148 hoc
1142 2119 1411 2160 responsum
1438 2107 1698 2161 acciperent
1730 2110 1789 2150 ab

528 2174 630 2227 ipso
661 2186 784 2227 rege,
817 2173 902 2214 sub
926 2173 1014 2213 hac
1045 2171 1307 2214 conditione
1340 2172 1536 2227 adjecta,
1558 2178 1610 2215 ut
1630 2174 1667 2215 si
1705 2187 1788 2216 rex

529 2240 750 2292 praedicta
782 2238 957 2291 scripta
983 2239 1256 2291 consignata
1286 2239 1539 2281 remitteret
1570 2244 1617 2281 et
1650 2240 1789 2281 ratifi-

529 2310 655 2346 caret
698 2305 868 2354 omnia,
904 2308 1076 2345 extunc
1111 2304 1168 2345 ad
1198 2304 1464 2346 mandatum
1496 2305 1618 2358 regis
1652 2305 1788 2347 iidem

529 2371 718 2412 comites
754 2370 825 2412 vel
857 2369 916 2411 ad
943 2382 1098 2423 regem
1129 2370 1175 2410 in
1211 2370 1491 2420 Flandriam,
1522 2371 1592 2412 vel
1629 2377 1789 2413 contra

528 2436 681 2478 hostes
703 2449 811 2478 suos
833 2436 879 2477 in
900 2435 1102 2477 Scotiam
1124 2435 1521 2488 proficiscerentur
1536 2436 1594 2477 ad
1611 2441 1786 2479 votum.

529 2502 688 2544 Missis
719 2515 829 2555 ergo
861 2501 1041 2542 nunciis
1074 2500 1132 2542 ad
1165 2500 1315 2554 ipsum
1352 2501 1585 2542 dominum
1615 2515 1786 2555 regem,

525 2569 806 2622 scripserunt
834 2568 876 2608 ei
897 2566 1133 2608 secretarii
1157 2566 1229 2607 sui
1256 2571 1304 2607 ut
1333 2567 1372 2607 si
1397 2566 1614 2608 honorem
1637 2580 1786 2618 suum,

525 2638 714 2683 statum,
733 2639 780 2675 et
793 2646 984 2686 regnum
1006 2632 1190 2674 salvare
1206 2636 1252 2673 et
1273 2632 1470 2673 retinere
1491 2639 1787 2686 proponeret,

525 2700 744 2750 praedicta
765 2699 919 2741 omnia
942 2698 1193 2739 remitteret
1224 2697 1509 2750 consignata.
1570 2697 1662 2749 Qui
1684 2700 1786 2753 qui-

573 2799 579 2817 ¹
606 2800 755 2830 Omitted
771 2800 804 2830 iu
820 2799 921 2830 MSS.
940 2798 1027 2831 Coll.
1042 2797 1138 2830 Arm.
1218 2795 1231 2814 ²
1253 2797 1263 2814 ‘
1283 2796 1401 2837 Gray,'
1430 2796 1530 2829 MSS.
1565 2798 1690 2830 Lansd.
1720 2799 1787 2830 and

523 2845 589 2875 and
606 2845 778 2877 Cottssrib.
1173 2843 1262 2875 Cott.
1271 2843 1376 2883 Vesp.
