2004 3272
334 419 452 447 navare
473 422 498 449 1.

335 453 371 479 A.
383 454 418 480 D.
434 456 508 482 1279.

322 558 345 583 Α
358 565 420 583 new
432 558 509 584 coln-

319 598 370 623 εει
383 592 487 617 issued.

530 300 560 341 6
1019 310 1296 342 GHRONIGON

534 427 616 468 per
645 419 789 457 totam
812 414 1032 468 Angliam
1064 426 1164 457 xlv.
1188 414 1411 458 kalendas
1441 416 1725 466 Decembris,
1749 421 1794 457 et

534 480 716 522 detecta
753 481 1062 523 maleficorum
1099 482 1258 524 fraude
1298 483 1453 536 plures
1496 496 1651 525 eorum
1691 494 1791 523 sus-

534 546 664 600 pensi
693 552 852 594 erant;
890 546 1104 601 factaque
1127 553 1199 590 est
1219 548 1267 589 in
1289 561 1410 590 anno
1433 549 1640 602 sequenti
1672 561 1793 589 nova

535 617 720 654 moneta
748 617 793 654 et
821 612 1074 664 incisibilis,
1104 618 1152 655 et
1180 613 1461 668 quadrantes
1489 624 1537 656 et
1567 614 1691 656 oboli
1718 626 1793 655 ro-

536 678 682 728 tundi,
727 678 850 733 quod
894 679 1173 733 pauperibus
1215 680 1519 733 perniciosum
1574 678 1704 722 erat¹
1746 685 1794 721 et

535 744 755 786 ecclesiae.
843 744 948 787 Cito
990 751 1097 799 post
1131 745 1408 800 inquietavit
1449 758 1533 787 rex
1570 745 1790 799 quosdam

536 813 623 851 ‘ex
663 811 955 864 magnatibus
971 810 1006 833 '2
1050 817 1183 854 terrae
1224 824 1306 865 per
1350 811 1635 866 justiciarios
1684 823 1793 852 suos

535 875 652 918 scire
683 877 840 918 volens
880 890 971 931 quo
1009 881 1238 920 warranto
1278 882 1487 919 tenerent
1534 881 1546 899 ‘
1563 882 1710 919 terras
1726 875 1825 918 ?’³‘

536 947 584 983 et
623 942 662 983 si
702 956 793 984 non
832 942 1054 985 haberent
1085 944 1255 985 bonum
1298 948 1578 985 warrantum
1619 942 1795 985 seisivit

535 1008 693 1049 statim
748 1014 896 1051 terras
953 1010 1165 1058 illorum3
1220 1015 1505 1063 vocatusque
1557 1014 1628 1051 est
1673 1009 1792 1050 inter

537 1078 728 1115 caeteros
748 1087 899 1116 comes
922 1075 978 1116 de
999 1075 1236 1117 Warenna
1265 1078 1278 1097 ‘
1293 1087 1445 1116 coram
1463 1073 1495 1096 ’⁴
1508 1074 1792 1129 justiciarius

537 1139 674 1192 regis,
709 1145 756 1182 et
794 1141 1106 1194 interrogatus
1141 1154 1234 1195 quo
1267 1145 1498 1182 warranto
1527 1145 1540 1163 ‘
1557 1137 1797 1190 teneret,’⁵

537 1205 758 1258 produxit
778 1206 825 1247 in
846 1206 1042 1247 medium
1068 1207 1272 1260 gladium
1303 1207 1540 1259 antiquum
1572 1212 1620 1248 et
1641 1206 1792 1258 erugi-

537 1277 712 1321 natum‚
744 1276 790 1313 et
829 1272 910 1322 ait,
954 1276 982 1295 “
1002 1273 1138 1322 Ecce,
1169 1272 1340 1314 domini
1383 1272 1487 1321 mei,
1531 1284 1637 1313 ecce
1673 1284 1792 1313 war-

537 1341 719 1378 rantum
764 1350 930 1379 meum.
1008 1337 1339 1380 Antecessores
1388 1337 1507 1378 enim
1551 1337 1640 1379 mei
1691 1349 1793 1378 cum

538 1402 772 1445 Willelmo
827 1404 1045 1446 bastardo
1108 1405 1340 1446 venientes
1394 1404 1632 1457 conquesti
1687 1408 1796 1445 sunt

537 1473 684 1510 terras
719 1482 829 1511 suas
865 1470 1036 1523 gladio,
1068 1476 1115 1512 et
1149 1470 1331 1512 easdem
1363 1469 1516 1522 gladio
1551 1469 1794 1510 defendam

537 1547 566 1575 a
594 1548 867 1589 quocunque
897 1548 975 1577 eas
1006 1548 1231 1590 occupare
1262 1536 1458 1577 volente.
1530 1535 1640 1577 Non
1674 1535 1793 1576 enim

536 1613 620 1641 rex
655 1614 738 1654 per
772 1614 822 1642 se
858 1606 1028 1643 terram
1061 1602 1230 1644 devicit
1257 1606 1303 1643 et
1332 1601 1543 1658 subjecit,
1571 1601 1651 1642 sed
1688 1614 1794 1655 pro-

537 1667 768 1719 genitores
813 1668 957 1709 nostri
1000 1668 1184 1710 suerunt
1225 1681 1329 1709 cum
1371 1680 1426 1709 eo
1464 1667 1711 1721 participes
1748 1672 1795 1709 et

539 1727 969 1788 ‘coadjutores.’'’6
1039 1734 1438 1788 Adhaeseruntque
1481 1734 1567 1775 sibi
1612 1738 1658 1775 et
1696 1746 1795 1775 suae

538 1801 551 1819 ‘
569 1798 778 1840 rationi*
803 1800 958 1842 caeteri
979 1805 1234 1854 magnates,
1257 1806 1304 1842 et
1326 1799 1662 1842 tumultuantes
1682 1803 1695 1822 ‘
1710 1798 1796 1841 et’⁸

537 1864 755 1918 impacati
782 1871 1082 1908 recesserunt.
1154 1867 1259 1908 Rex
1291 1871 1444 1908 autem
1478 1879 1581 1907 cum
1618 1865 1797 1907 audiret

539 1931 667 1981 talia,
695 1931 848 1973 timuit
882 1933 984 1984 sibi,
1007 1938 1055 1974 et
1086 1934 1145 1974 ab
1175 1933 1358 1986 incepto
1390 1945 1542 1974 errore
1577 1935 1588 1953 ‘
1604 1932 1798 1985 conqui-

537 1996 690 2038 evit.'9
756 1998 818 2039 Et
858 1998 949 2040 cito
988 2004 1094 2052 post
1134 1999 1483 2040 insurrexerunt
1522 1997 1798 2047 Wallenses,

538 2066 585 2104 et
621 2064 913 2115 magnatibus
943 2066 1038 2106 suis
1066 2077 1151 2106 rex
1188 2064 1382 2106 multum
1410 2064 1621 2117 indiguit.
1682 2063 1796 2105 Cum

540 2130 723 2170 ‘autem
740 2127 800 2151 ’¹⁰
830 2134 1004 2172 teneret
1046 2143 1129 2172 rex
1162 2130 1393 2185 quoddam
1428 2129 1797 2184 parliamentum,

540 2198 587 2235 et
621 2194 703 2236 filii
733 2201 1002 2249 magnatum
1036 2201 1215 2238 starent
1241 2209 1395 2238 coram
1422 2208 1477 2238 eo
1506 2196 1555 2237 in
1579 2196 1801 2249 vesperis,

586 2351 598 2373 ¹
622 2354 719 2385 From
744 2354 811 2385 this
834 2354 928 2393 point
949 2357 983 2385 to
1006 2353 1062 2385 the
1086 2354 1151 2386 end
1230 2350 1245 2372 ²
1267 2351 1484 2392 ‘magnates,'
1499 2351 1623 2392 Abing.
1640 2351 1764 2384 Chron.

540 2400 578 2432 of
595 2400 651 2432 the
673 2401 800 2432 section
826 2401 856 2432 is
880 2400 1039 2440 supplied
1067 2398 1151 2431 from
1230 2407 1245 2428 3
1269 2409 1397 2440 ‹ten-as
1414 2407 1518 2448 suas?
1533 2409 1659 2449 Abing·
1676 2408 1799 2441 Chron-

540 2447 616 2479 MS·
634 2446 771 2500 Pans‘i'
786 2457 795 2485 3
825 2446 895 2500 the.
905 2447 984 2486 only
995 2456 1095 2500 ,copy
1119 2446 1156 2478 οἱ
1232 2466 1245 2484 ⁴
1267 2466 1434 2507 SuppHed
1449 2466 1533 2497 from
1548 2465 1604 2497 the
1618 2465 1663 2497 A.
1679 2466 1719 2498 C.

541 2492 798 2533 Hemingburgh
828 2492 940 2524 wluch
971 2502 1065 2533 gives
1095 2492 1152 2523 the

540 2542 682 2571 account
696 2539 733 2570 of
746 2539 826 2570 Earl
842 2538 1012 2570 Warren's
1022 2539 1153 2570 famous
1233 2523 1246 2542 ⁵
1267 2525 1277 2542 ‘
1288 2527 1417 2556 tenent
1431 2526 1537 2555 tem
1552 2519 1715 2563 fluasae'A·
1725 2522 1766 2556 C·

540 2586 635 2625 reply
654 2589 688 2616 to
711 2585 766 2617 the
787 2586 943 2626 justices.
992 2586 1026 2616 It
1048 2585 1078 2616 is
1102 2585 1152 2615 in-
1233 2580 1247 2601 ⁶
1268 2581 1434 2622 Supplied
1449 2581 1532 2612 from
1547 2580 1602 2612 the
1618 2580 1660 2612 A.
1679 2580 1718 2612 C.

542 2632 651 2662 serted
666 2632 700 2662 in
715 2632 770 2663 the
786 2632 967 2672 Abingdon
976 2630 1153 2664 Chronicle
1233 2636 1247 2656 ⁷
1269 2638 1497 2678 ‘responsioni
1499 2637 1521 2678 ,³
1535 2637 1580 2668 A,
1591 2636 1631 2669 c,

542 2678 626 2708 from
647 2687 667 2709 a
687 2688 776 2710 more
796 2680 923 2709 correct
940 2687 1071 2716 source,
1087 2676 1154 2708 and
1234 2698 1248 2719 ³
1271 2699 1420 2731 Omitted
1437 2700 1470 2730 in
1486 2699 1529 2731 A·
1541 2699 1569 2731 C

542 2724 625 2760 with
655 2734 716 2756 one
746 2734 783 2755 οι·
813 2728 881 2755 two
903 2724 1016 2755 verbal
1042 2724 1155 2755 differ·
1387 2757 1394 2763 ‚

544 2779 654 2809 ences,
670 2770 780 2801 which
798 2771 823 2801 it
839 2771 899 2802 has
915 2772 999 2803 been
1014 2769 1157 2811 thought
1235 2755 1249 2775 ⁹
1271 2756 1540 2797 ‘contflvefuntf
1558 2756 1630 2788 MS·
1647 2757 1768 2788 Lafls‘l·

543 2825 663 2855 proper
679 2819 712 2846 to
728 2817 846 2848 notice.
1222 2812 1246 2832 ¹⁰
1271 2814 1420 2846 Omitted
1435 2814 1468 2845 in
1486 2813 1559 2845 MS.
1577 2813 1701 2846 Lansd.
