2038 3306
564 313 654 356 358
1055 325 1336 357 cunomcoN

351 438 551 498 ngwssrqsgi.
570 428 693 470 dum.
763 427 901 470 Scitis
950 433 1121 478 autem,
1165 429 1304 471 immo
1343 442 1426 471 vos
1468 434 1515 470 et
1558 428 1636 470 alii
1676 428 1832 470 fideles

354 491 432 559 Kh'm
443 491 499 554 'Ed-
529 490 537 498 '
571 495 732 545 nostri,
773 494 972 547 quadam
1007 495 1360 548 participatione
1394 495 1617 545 sensistis,
1650 494 1835 549 quantis

353 562 428 586 *ΨΜ
441 562 537 587 ⁰¹⁶⁸ss
572 561 741 602 fuimus
771 565 816 602 et
847 573 1005 602 sumus
1044 573 1311 614 guerrarum
1335 561 1537 602 lacessiti
1560 561 1833 610 turbinibus,

355 603 371 619 a
383 594 477 626 public

355 628 510 691 2¹33pnkg}or
573 631 619 668 et
661 626 787 668 velut
829 626 877 667 in
932 627 1047 668 mari
1092 639 1260 680 magno
1303 626 1569 680 procellosis
1616 626 1833 669 fluctibus

355 694 472 758 {3323}
573 692 753 745 agitati.
790 691 893 742 Sed,
914 692 1023 734 licet
1044 696 1056 714 ‘
1074 693 1170 736 sint,
1187 692 1417 734 mirabiles
1439 691 1661 733 elationes
1677 693 1834 742 maris,

573 757 824 800 mirabilior
842 763 994 799 tamen
1031 763 1104 800 est
1123 759 1170 800 in
1192 758 1300 800 altis
1320 756 1606 806 Dominus‚'²
1628 757 1708 811 qui
1728 770 1831 811 pro-

572 824 734 866 cellam
773 829 1046 866 convertens
1081 824 1128 866 in
1163 837 1339 875 auram,
1366 823 1464 879 jam
1501 824 1621 865 inter
1652 827 1724 866 tot
1757 822 1836 865 ad-

573 901 708 932 versa
740 890 1090 932 clementissime
1136 903 1219 932 nos
1253 890 1474 944 respexit.
1548 889 1689 939 Nam,
1728 901 1832 931 cum

573 956 747 1009 pridem
772 955 1109 998 ordinassemus
1144 957 1409 1010 passagium
1446 959 1653 997 nostrum
1685 968 1836 997 neces-

574 1022 746 1065 sarium
771 1035 930 1064 versus
954 1027 1109 1076 partes
1135 1022 1380 1072 Flandriae,
1409 1022 1619 1063 dominus
1659 1020 1836 1074 Philip-

575 1099 661 1141 pus
696 1087 753 1129 de
773 1088 979 1138 Valesio,
1006 1093 1271 1142 persecutor
1306 1092 1461 1130 noster
1494 1087 1833 1136 infestissimus,

575 1153 661 1194 hoc
684 1154 957 1206 praevidenS,
981 1154 1175 1195 classem
1195 1154 1443 1195 maximam
1465 1153 1651 1194 navium
1682 1165 1833 1193 arma-

575 1223 725 1260 tarum
773 1232 911 1272 quam
956 1220 1004 1260 in
1043 1220 1430 1273 expugnationem
1468 1218 1613 1260 nostri
1653 1222 1834 1260 nostro-

575 1297 768 1337 rumque
801 1284 1002 1326 fidelium
1039 1285 1194 1338 parari
1229 1285 1416 1334 fecerat,
1441 1284 1498 1325 ad
1529 1283 1833 1326 insidiandum

577 1351 708 1392 nobis
755 1350 803 1391 in
846 1354 982 1404 portu
1027 1351 1084 1391 de
1139 1350 1294 1392 Swina
1334 1350 1607 1400 transmisit,
1657 1355 1710 1391 ut
1756 1350 1829 1392 vel

576 1416 642 1457 sic
663 1428 747 1458 nos
776 1423 962 1470 caperet
982 1417 1056 1458 vel
1077 1422 1284 1458 nostrum
1308 1418 1551 1458 transitum
1584 1416 1839 1470 impediret.
2036 1457 2037 1460 ,

578 1481 671 1533 Qui
702 1482 924 1523 transitus
956 1483 1012 1533 si,
1045 1482 1167 1536 quod
1207 1483 1341 1532 absit,
1375 1482 1538 1524 fuisset
1573 1482 1835 1535 impeditus,
2030 1493 2035 1534 ξ

576 1547 721 1589 ardua
745 1549 931 1601 negotia
965 1561 1067 1601 quae
1098 1549 1417 1602 prosequimur
1440 1548 1633 1589 fuissent
1655 1548 1836 1601 penitus
2029 1542 2035 1584 ἲ

576 1614 623 1654 in
646 1614 796 1664 ruina,
820 1614 1070 1667 quinimmo
1101 1627 1183 1655 nos
1208 1620 1254 1655 et
1280 1615 1425 1656 nostri
1457 1614 1700 1655 fuissemus
1723 1614 1837 1654 veri-

575 1678 784 1720 similiter
823 1680 1026 1732 periculo
1073 1680 1352 1721 confusionis
1405 1682 1585 1732 magnae
1625 1679 1833 1733 subjecti.

576 1744 665 1786 Sed
685 1744 814 1786 Deus
851 1745 1276 1795 misericordiarum,
1298 1745 1456 1787 videns
1492 1757 1575 1786 nos
1611 1745 1659 1786 in
1693 1746 1837 1786 tantis

575 1810 789 1863 periculis
825 1811 1116 1861 constitutos,
1138 1812 1313 1864 gratius
1348 1816 1395 1853 et
1430 1811 1564 1852 citius
1591 1824 1729 1864 quam
1752 1811 1836 1853 hu-

576 1889 712 1918 mana
733 1877 853 1919 ratio
863 1877 1072 1930 judicare
1093 1882 1293 1930 poterat,
1314 1877 1439 1917 misit
1457 1877 1587 1917 nobis
1617 1889 1834 1929 magnum

575 1941 739 1983 navale
757 1942 1025 1992 subsidium,
1050 1948 1095 1984 et
1113 1943 1395 1996 insperatum
1415 1955 1653 1983 numerum
1685 1955 1835 1984 arma-

576 2012 726 2049 torum
764 2021 818 2049 ac
853 2021 1032 2062 semper
1060 2014 1248 2050 ventum
1281 2021 1548 2062 prosperum
1575 2008 1718 2062 juxta
1751 2021 1835 2050 vo-

577 2078 700 2121 tum;
737 2078 784 2115 et
806 2074 888 2124 sic,
912 2075 997 2116 sub
1030 2087 1111 2128 spe
1141 2075 1341 2118 coelestis
1373 2074 1547 2123 auxilii,
1574 2079 1620 2115 et
1635 2073 1832 2128 justitiae

577 2144 746 2182 nostrae
779 2139 957 2190 fiducia,
978 2141 1149 2183 dictum
1171 2147 1353 2194 portum
1375 2140 1561 2193 navigio
1583 2140 1834 2191 venientes,

575 2205 829 2247 invenimus
859 2207 1028 2248 dictam
1063 2207 1271 2257 classem,
1293 2211 1340 2248 et
1362 2206 1517 2248 hostes
1541 2210 1725 2247 nostros
1748 2206 1834 2248 ibi-

575 2271 677 2312 dem
722 2273 1037 2325 paratissimos
1075 2273 1132 2314 ad
1184 2273 1411 2327 proelium,
1454 2273 1502 2313 in
1541 2272 1834 2315 multitudine

574 2338 776 2390 copiosa,
811 2339 976 2391 quibus
1009 2339 1057 2381 in
1093 2339 1211 2380 festo
1251 2338 1525 2380 Nativitatis
1561 2337 1719 2379 Sancti
1748 2338 1833 2380 Jo-

573 2403 737 2445 hannis
775 2403 1000 2457 Baptistae
1038 2405 1246 2458 proximo
1284 2405 1531 2457 praeterito,
1568 2403 1692 2457 Ipse,
1726 2416 1832 2458 spes

573 2476 748 2519 nostra,
771 2469 981 2512 Christus
1015 2470 1159 2520 Deus,
1188 2484 1270 2524 per
1302 2470 1566 2513 conflictum
1592 2470 1755 2511 fortem
1786 2475 1834 2513 et

573 2534 792 2585 validum,
834 2549 917 2576 nos
954 2537 1203 2589 praevalere
1239 2536 1478 2585 concessit,
1516 2535 1641 2576 facta
1678 2540 1834 2588 strage

572 2613 662 2642 non
685 2600 865 2642 modica
897 2601 1120 2643 dictorum
1152 2602 1367 2651 hostium,
1393 2606 1530 2654 capta
1550 2601 1686 2641 etiam
1719 2613 1833 2654 quo-

572 2666 815 2708 dammodo
863 2672 964 2708 tota
1001 2667 1240 2718 ‘classe,'²
1293 2681 1396 2708 cum
1450 2666 1636 2708 laesione
1686 2668 1837 2718 gentis

714 2814 722 2833 ¹
750 2817 866 2848 I’salm
882 2818 977 2850 xciii.
993 2828 1027 2848 v.
1040 2821 1070 2849 4.
1273 2816 1286 2837 ²
1313 2819 1322 2835 ‘
1337 2817 1428 2849 dicta
1444 2814 1575 2858 classe‚’
1591 2818 1694 2850 MSS.
