2004 3272
493 325 718 356 WAm'ssm
752 325 813 355 DE
846 326 1221 358 Hssmmonuncn.
1437 317 1492 358 13

225 426 508 479 direxerunt,
528 429 743 485 factaque
770 433 1112 474 concertatione
1137 431 1293 486 aliqua
1324 434 1337 454 ‘
1353 444 1435 486 per
1452 430 1488 452 ’¹

225 494 492 547 sagittarios
532 501 714 539 nostros
767 498 846 552 qui
892 498 1014 540 inter
1060 502 1296 552 equestres
1344 497 1492 540 innixl

226 566 360 602 erant
392 569 663 604 corruerunt
694 564 843 613 multi,
876 577 930 606 eo
960 564 1082 618 quod
1113 565 1316 606 animose
1351 569 1493 606 stete-

225 631 335 668 runt
370 634 671 682 expectantes
707 629 940 671 dominum
971 644 1134 673 suum:
1168 631 1353 672 tandem
1382 644 1492 672 vero

225 699 464 745 equestres
504 696 651 737 nostri
689 697 991 738 ascenderunt
1028 697 1075 738 in
1114 702 1314 739 montem
1355 710 1494 751 super

228 771 324 810 e08‚
341 766 386 801 et
407 763 540 803 caesis
563 762 794 816 aliquibus
815 763 1020 816 reliquos
1043 763 1087 804 in
1111 763 1313 805 velocem
1336 763 1494 817 fugam

227 832 562 869 converterunt.
635 828 996 869 Revertentibus
1043 842 1154 881 ergo
1193 830 1364 871 nostris
1411 831 1492 871 ob·

227 896 355 933 tenta
389 893 596 943 victoria,
627 893 875 947 praedictus
911 893 1174 948 Stephanus
1202 895 1408 948 perrexit
1442 901 1493 937 ut

229 958 403 1000 videret
425 960 612 1012 quinam
639 964 793 1000 essent
820 959 888 1000 illi
916 960 1008 1001 duo
1038 973 1155 1014 quos
1187 966 1492 1014 percusserat,

225 1028 271 1064 et
304 1024 404 1066 visa
438 1024 555 1067 facie
596 1025 779 1066 Leulini
816 1030 864 1067 et
899 1026 1100 1080 cognita,
1133 1031 1494 1080 amputaverunt

225 1095 368 1144 caput
397 1104 549 1142 suum,
582 1097 629 1133 et
657 1091 715 1133 ad
751 1104 908 1145 regem
943 1097 1151 1134 nostrum
1184 1105 1288 1134 cum
1321 1093 1493 1146 gaudio

227 1156 507 1199 detulerunt.
579 1158 687 1199 Rex
726 1171 837 1199 vero
877 1157 991 1200 illud
1034 1159 1156 1200 mitti
1192 1158 1335 1213 jussit
1370 1159 1493 1201 Lon-

228 1222 393 1273 doniis,
427 1229 473 1265 et
504 1223 570 1265 sic
603 1224 817 1278 apposita
837 1229 962 1266 serta
985 1230 1206 1278 argentea
1233 1225 1281 1266 in
1311 1226 1493 1279 signum

228 1290 445 1343 principis
466 1303 548 1344 per
570 1290 769 1331 medium
792 1291 1072 1344 Westchepe
1095 1291 1348 1333 Londoniis
1371 1291 1495 1333 ‘in’‘²

228 1355 389 1397 lancea
411 1361 521 1410 ‘per
551 1363 808 1410 equestrem
838 1357 1041 1398 delatum
1071 1362 1143 1398 est
1182 1370 1287 1398 cum
1324 1371 1494 1411 magno

227 1422 449 1463 comitatu
491 1421 659 1464 civium
703 1428 750 1464 et
785 1428 1030 1477 apparatu,
1071 1428 1118 1464 et
1153 1437 1292 1477 super
1331 1425 1494 1466 turrim

229 1488 460 1529 excelsam
481 1489 621 1529 turris
643 1489 782 1542 regiae
802 1489 989 1530 tandem
1011 1502 1114 1530 cum
1137 1489 1338 1531 lancea'³
1359 1504 1492 1544 repo-

228 1554 367 1595 situm
388 1558 459 1595 est
482 1558 534 1595 ut
555 1567 582 1595 a
607 1555 953 1596 transeuntibus
974 1555 1204 1596 universis
1224 1555 1363 1609 longo
1380 1565 1493 1598 tem-

228 1633 339 1673 pore
359 1620 602 1662 videretur.
638 1621 698 1662 Et
713 1622 779 1662 sic
796 1621 1095 1675 adimpletum
1117 1627 1188 1662 est
1207 1622 1493 1675 sortilegium

229 1686 522 1737 diabolicum,
546 1687 592 1728 in
614 1700 706 1741 quo
728 1700 856 1741 spem
878 1692 1098 1741 posuerat
1120 1687 1220 1741 ipse
1247 1687 1492 1731 Leulinus:

229 1752 395 1794 dicitur
438 1753 558 1794 enim
601 1753 722 1807 quod
767 1766 871 1795 cum
910 1766 1123 1807 guerram
1164 1766 1348 1796 movere
1389 1768 1495 1808 pro-

229 1825 420 1872 poneret
450 1824 609 1861 contra
639 1832 792 1873 regem
826 1818 1102 1873 Anglorum‚
1134 1820 1396 1862 sciscitatus
1425 1827 1497 1863 est

229 1897 258 1926 a
299 1885 498 1939 quadam
538 1886 758 1939 sortilega
797 1886 1015 1940 quidnam
1057 1886 1260 1927 eveniret
1296 1887 1370 1928 ei?
1431 1886 1497 1929 At

229 1950 323 2000 illa,
380 1952 591 1994 consulto
632 1951 833 2002 diabolo,
882 1952 1119 2006 respondit
1163 1953 1204 1994 ei
1249 1953 1371 2006 quod
1413 1966 1495 1994 au-

229 2017 389 2060 dacter
436 2019 721 2072 propositum
773 2019 1080 2068 continuaret,
1131 2023 1178 2060 et
1228 2019 1366 2060 sciret
1413 2033 1496 2073 pro

232 2089 359 2126 certo
391 2085 513 2138 quod
559 2098 641 2138 per
682 2085 884 2126 medium
919 2084 1197 2137 Westchepe
1246 2084 1497 2126 Londoniis

229 2155 477 2192 coronatus
507 2151 751 2205 equitaret.
822 2150 932 2203 Ipse
961 2162 1070 2191 vero
1101 2151 1159 2190 ob
1190 2150 1277 2191 hoc
1307 2151 1498 2192 credens

231 2228 280 2256 se
315 2216 521 2257 futurum
561 2230 716 2270 regem
748 2215 1007 2269 Anglorum
1036 2216 1267 2270 inceptum
1299 2229 1497 2258 errorem

233 2282 518 2324 continuavit
559 2282 615 2324 ad
658 2286 866 2331 mortem,
911 2286 956 2323 et
993 2282 1114 2335 quod
1155 2282 1368 2324 diabolus
1407 2296 1498 2325 non

1526 442 1646 468 Edward
1668 442 1690 467 1.
1755 432 1758 436 ’

1479 498 1488 506 .
1525 477 1560 502 A.
1575 476 1609 501 D.
1625 476 1698 500 1282.

232 2348 500 2402 adimplevit
545 2349 590 2390 in
638 2349 752 2398 vita,
795 2348 1029 2401 supplevit
1069 2348 1117 2389 in
1158 2353 1320 2390 morte.
1391 2349 1499 2390 Rex
1516 2362 1687 2401 aumas.

232 2419 400 2464 autem,
423 2415 733 2468 praeconizata
760 2427 874 2468 pace
910 2426 1010 2464 sua,
1041 2415 1244 2467 suscepit
1285 2415 1501 2468 homagia
1515 2396 1700 2454 ἷεῗὲίξὲῗῆιψ

1516 2469 1598 2493 mage
1609 2463 1683 2488 from

231 2486 278 2522 et
308 2481 550 2523 fidelitates
571 2486 840 2534 magnatum
857 2479 1042 2522 Walliae
1063 2485 1109 2522 et
1140 2479 1316 2521 firmam
1340 2493 1499 2535 pacem
1516 2495 1565 2520 the
1578 2495 1674 2520 wast,

230 2548 394 2588 statuit
424 2561 504 2601 per
536 2552 681 2589 totam
715 2546 952 2596 Walliam,
985 2546 1310 2600 ordinavitque
1349 2551 1499 2589 certos

231 2613 437 2655 homines
462 2613 687 2666 Anglicos
712 2618 759 2654 et
782 2612 1046 2654 Wallenses
1068 2612 1148 2665 qui
1170 2625 1500 2667 persequeren-

926 2744 940 2764 ²
963 2746 974 2763 ⁴
987 2749 1021 2778 et
1036 2746 1094 2785 in,’
1107 2747 1209 2779 MSS.
1219 2746 1306 2780 coll.
1323 2747 1418 2781 Arm.
1434 2750 1501 2780 aud

839 2793 847 2801 ⁸
883 2792 974 2824 Cott.
989 2793 1066 2824 Tib.

929 2837 942 2856 ³
966 2839 1118 2871 Omitted
1134 2839 1168 2871 in
1186 2839 1259 2872 MS.
1274 2839 1360 2873 Coll.
1378 2841 1474 2874 Arm.

278 2768 287 2789 ¹
313 2770 369 2801 ‘et
394 2770 477 2810 per,’
508 2770 608 2803 MSS.
639 2769 725 2802 Con.
752 2769 833 2800 Arm

229 2817 295 2847 and
312 2816 400 2848 Cott.
417 2817 494 2848 Tib.

1516 2529 1644 2561 nobility.
