2038 3306
507 301 734 331 WAL'rmu
767 301 829 331 DB
860 300 1239 332 HBMINGBURGH.
1414 291 1504 334 383

239 408 394 445 tamen
428 405 487 445 ab
520 405 588 446 eis
624 405 979 447 emolumentum
1017 404 1218 458 recipere
1251 404 1502 459 potuimus,
1522 415 1718 475 Βᾱπόιῗδιιιι.

237 468 348 521 quia
387 482 473 511 sua
503 483 595 512 non
633 477 791 513 nostra
826 471 1012 523 negotia
1049 475 1263 512 curantes
1302 475 1348 511 et
1380 483 1500 511 com·
1521 451 1708 536 ng'fflf'

239 535 377 576 moda
417 537 601 590 propria
644 542 878 586 curantes,
909 536 1086 578 frivolis
1122 536 1500 577 excusationibus
1518 537 1713 562 '⁸¹⁶'·¹²²2“

238 605 287 641 et
323 600 491 643 fucatis
528 604 771 644 verborum
804 602 975 652 faleris,
1011 614 1140 643 suam
1175 601 1413 652 desidiam,
1443 615 1501 645 ne
1517 570 1720 629 gssffinffffiw

238 666 445 708 dicamus
484 667 692 710 fraudem
736 667 808 710 vel
853 667 1091 716 malitiam,
1132 667 1404 720 palliabant,
1438 668 1500 709 si·

238 732 369 773 miles
404 733 670 775 illusoribus
708 734 803 787 qui,
834 738 888 774 ut
924 733 990 774 ait
1022 733 1211 781 Ysaias‚
1253 733 1500 775 deridendo

239 796 491 849 ludificant,
544 799 746 841 dicentes
796 798 1005 840 ‘Manda
1056 798 1290 849 remanda,
1333 799 1502 841 manda

240 864 477 914 remanda,
508 865 734 906 modicum
773 864 852 914 ibi,
887 863 1116 904 modicum
1153 864 1246 906 ibi.’
1261 863 1273 886 ¹
1348 865 1500 916 Unde,

239 929 355 981 proh
393 929 553 971 dolor!
603 930 774 971 factum
812 934 884 970 est
933 934 986 970 ut
1031 929 1140 969 dum
1190 929 1502 983 triumphandi

238 1006 379 1047 super
425 995 634 1036 inimicos
674 999 858 1036 nostros
896 994 1119 1035 arrideret
1154 995 1288 1036 nobis
1329 996 1500 1047 gratio·

237 1060 416 1101 sissime
469 1073 575 1114 spes
623 1060 900 1114 propinqua,
952 1059 1232 1113 praevalente
1291 1063 1500 1114 penuria,

238 1138 506 1178 cogeremur
542 1127 677 1168 inviti
716 1126 890 1178 treugis
929 1125 1054 1166 initis
1087 1127 1361 1176 consentire,
1397 1140 1498 1168 cum

238 1191 496 1232 verecunda
535 1197 705 1233 nostrae
744 1191 1049 1245 expeditionis
1098 1192 1408 1233 retardatione
1454 1199 1501 1234 et

236 1256 522 1299 exultatione
560 1270 651 1299 non
691 1257 871 1299 modica
910 1257 1192 1298 aemulorum.
1276 1257 1498 1299 Reversis

238 1322 371 1364 nobis
394 1323 440 1364 in
465 1320 747 1373 Flandri‘am,
768 1336 872 1364 cum
897 1335 1101 1363 essemus
1132 1323 1327 1376 pecunia
1348 1325 1499 1374 vacui,

239 1394 287 1429 et
314 1389 419 1430 aeris
450 1389 590 1431 alieni
626 1389 747 1430 mole
775 1389 938 1442 pressi,
966 1400 1050 1429 nec
1080 1394 1341 1441 superesset
1369 1390 1498 1442 quic-

240 1466 378 1508 quam
413 1455 462 1496 in
496 1455 666 1500 nostris
696 1460 778 1496 aut
807 1459 1066 1496 nostrorum
1097 1455 1343 1507 marsupiis
1378 1455 1498 1497 unde

237 1532 475 1573 possemus
528 1521 699 1562 nostris
753 1519 1104 1561 necessitatibus
1158 1519 1411 1569 consulere,
1452 1526 1500 1563 et

237 1585 393 1627 debita
449 1586 678 1640 stipendia
732 1590 890 1627 nostro
929 1584 1150 1638 obsequio
1194 1585 1498 1627 militantibus

237 1663 445 1704 erogare,
494 1651 720 1706 compulsi
774 1663 932 1692 sumus
978 1662 1224 1691 usurarum
1287 1652 1498 1704 voragini

235 1717 544 1771 submergere,
595 1723 643 1759 et
691 1717 905 1758 humeros
946 1728 1207 1769 supponere
1244 1717 1496 1760 cumulatis

237 1781 482 1835 generibus
513 1783 785 1824 debitorum.
843 1782 1053 1824 Tandem
1083 1787 1399 1823 convenerunt
1436 1783 1495 1823 ad

237 1861 320 1889 nos
344 1849 479 1890 amici
496 1849 668 1898 fideles,
689 1847 1070 1902 peregrinationis
1093 1853 1264 1888 nostrae
1289 1848 1496 1898 comites,

237 1919 284 1955 et
322 1914 632 1956 tribulationis
673 1919 843 1955 nostrae
877 1914 1141 1966 participes,
1180 1925 1283 1953 cum
1331 1913 1498 1966 quibus

238 1984 487 2021 tractatum
542 1980 783 2045 habuimus
835 1978 1103 2031 diligentem
1142 1990 1279 2031 super
1322 1979 1501 2031 optatis⁴

237 2045 447 2086 remediis
486 2046 653 2099 quibus
686 2058 714 2086 a
746 2050 877 2086 tanta
914 2044 1265 2085 infortuniorum
1297 2049 1496 2097 tempes-

238 2116 334 2152 tate
358 2124 597 2164 possemus
621 2111 901 2152 commodius
922 2109 1164 2163 respirare.
1235 2106 1406 2150 Visum
1426 2116 1497 2152 est

237 2177 446 2218 omnibus
486 2177 693 2230 praefatae
731 2175 1057 2217 retardationis
1096 2179 1314 2215 eventum
1355 2175 1498 2216 tristi-

238 2242 374 2283 bilem
397 2247 442 2284 et
462 2243 681 2295 egestatis
705 2248 874 2283 nostrae
898 2240 1187 2282 incommoda
1210 2239 1495 2294 multiplicia,

239 2308 378 2361 culpa
420 2308 493 2349 vel
525 2308 717 2358 desidia,
745 2320 801 2348 ne
846 2307 1052 2348 dicamus
1087 2305 1278 2356 malitia,
1315 2306 1495 2359 praefati

236 2373 581 2427 archiepiscopi,
614 2374 672 2414 de
718 2373 851 2427 cujus
899 2371 1175 2413 discretione
1221 2376 1322 2412 tota
1367 2372 1497 2424 regni

236 2440 382 2480 nostri
405 2439 646 2493 dispositio
669 2438 867 2492 pendere
885 2438 1140 2487 videbatur,
1160 2442 1205 2478 et
1226 2442 1496 2478 caeterorum

236 2504 498 2546 officialium
528 2517 644 2559 quos
675 2504 776 2559 ejus
807 2503 997 2545 consilio
1032 2515 1170 2556 super
1199 2503 1345 2544 nostri
1369 2503 1497 2555 regni

235 2571 421 2624 negotia
458 2571 798 2619 constituimus,
829 2568 1080 2619 accidisse3
1127 2573 1174 2609 et
1204 2568 1499 2610 vehementer

235 2637 454 2678 mirantes
486 2650 541 2679 ac
572 2642 733 2678 contra
763 2648 846 2676 nos
877 2638 1214 2675 murmurantes
1243 2647 1382 2687 super
1411 2634 1498 2675 hoc

642 2782 651 2801 ¹
676 2785 686 2802 ‘
699 2783 829 2824 halah,
845 2783 964 2814 xxviii.
980 2785 1032 2822 10,
1052 2785 1103 2814 13.
