<?xml version="1.0" encoding="UTF-8"?>
<!DOCTYPE html PUBLIC "-//W3C//DTD XHTML 1.0 Transitional//EN"
    "http://www.w3.org/TR/xhtml1/DTD/xhtml1-transitional.dtd">
<html xmlns="http://www.w3.org/1999/xhtml" xml:lang="en" lang="en">
 <head>
  <title>
</title>
<meta http-equiv="Content-Type" content="text/html;charset=utf-8" />
  <meta name='ocr-system' content='tesseract 3.04.00' />
  <meta name='ocr-capabilities' content='ocr_page ocr_carea ocr_par ocr_line ocrx_word'/>
</head>
<body>
  <div class='ocr_page' id='page_1' title='image "./chronicondominiw02hemiuoft/chronicondominiw02hemiuoft_0269.png"; bbox 0 0 2038 3306; ppageno 0'>
   <div class='ocr_carea' id='block_1_1' title="bbox 477 317 1469 361">
    <p class='ocr_par' dir='ltr' id='par_1_1' title="bbox 477 317 1469 361">
     <span class='ocr_line' id='line_1_1' title="bbox 477 317 1469 361; baseline 0.003 -3"><span class='ocrx_word' id='word_1_1' title='bbox 477 326 704 358; x_wconf 73' lang='lat' dir='ltr'>WAmssm</span> <span class='ocrx_word' id='word_1_2' title='bbox 738 325 800 357; x_wconf 78' lang='lat' dir='ltr'>nn</span> <span class='ocrx_word' id='word_1_3' title='bbox 831 326 1209 359; x_wconf 69' lang='lat' dir='ltr'>Hummcnnnon.</span> <span class='ocrx_word' id='word_1_4' title='bbox 1381 317 1469 361; x_wconf 81' lang='lat'>255</span> 
     </span>
    </p>
   </div>
   <div class='ocr_carea' id='block_1_2' title="bbox 204 428 1468 551">
    <p class='ocr_par' dir='ltr' id='par_1_2' title="bbox 204 428 1468 551">
     <span class='ocr_line' id='line_1_2' title="bbox 204 428 1468 485; baseline 0.003 -15"><span class='ocrx_word' id='word_1_5' title='bbox 204 428 468 480; x_wconf 82' lang='lat' dir='ltr'><strong>dilatantes,</strong></span> <span class='ocrx_word' id='word_1_6' title='bbox 510 429 764 471; x_wconf 83' lang='lat' dir='ltr'><strong>ambientes</strong></span> <span class='ocrx_word' id='word_1_7' title='bbox 816 430 1090 485; x_wconf 85' lang='lat' dir='ltr'>locupletari</span> <span class='ocrx_word' id='word_1_8' title='bbox 1142 445 1201 474; x_wconf 87' lang='lat' dir='ltr'>ex</span> <span class='ocrx_word' id='word_1_9' title='bbox 1254 431 1468 474; x_wconf 81' lang='lat' dir='ltr'>medullis</span> 
     </span>
     <span class='ocr_line' id='line_1_3' title="bbox 206 496 1468 551; baseline 0.004 -15"><span class='ocrx_word' id='word_1_10' title='bbox 206 496 376 537; x_wconf 89' lang='lat' dir='ltr'>ossium</span> <span class='ocrx_word' id='word_1_11' title='bbox 405 502 604 547; x_wconf 92' lang='lat' dir='ltr'>tuorum,</span> <span class='ocrx_word' id='word_1_12' title='bbox 637 497 800 549; x_wconf 87' lang='lat' dir='ltr'>gravia</span> <span class='ocrx_word' id='word_1_13' title='bbox 821 502 867 538; x_wconf 92' lang='lat' dir='ltr'>et</span> <span class='ocrx_word' id='word_1_14' title='bbox 896 498 1207 551; x_wconf 83' lang='lat' dir='ltr'>importabilia</span> <span class='ocrx_word' id='word_1_15' title='bbox 1235 500 1282 540; x_wconf 94' lang='lat' dir='ltr'>in</span> <span class='ocrx_word' id='word_1_16' title='bbox 1306 500 1400 540; x_wconf 92' lang='lat' dir='ltr'>tuis</span> <span class='ocrx_word' id='word_1_17' title='bbox 1421 504 1468 540; x_wconf 91' lang='lat' dir='ltr'>et</span> 
     </span>
    </p>
   </div>
   <div class='ocr_carea' id='block_1_3' title="bbox 1501 446 1670 505">
    <p class='ocr_par' dir='ltr' id='par_1_3' title="bbox 1501 446 1670 505">
     <span class='ocr_line' id='line_1_4' title="bbox 1501 446 1660 473; baseline 0.013 -2"><span class='ocrx_word' id='word_1_18' title='bbox 1501 446 1621 471; x_wconf 80' lang='lat' dir='ltr'>Edward</span> <span class='ocrx_word' id='word_1_19' title='bbox 1634 446 1660 473; x_wconf 87' lang='lat'>1.</span> 
     </span>
     <span class='ocr_line' id='line_1_5' title="bbox 1501 480 1670 505; baseline 0.006 -1"><span class='ocrx_word' id='word_1_20' title='bbox 1501 480 1536 505; x_wconf 88' lang='lat' dir='ltr'>A.</span> <span class='ocrx_word' id='word_1_21' title='bbox 1549 480 1582 505; x_wconf 88' lang='lat' dir='ltr'>D.</span> <span class='ocrx_word' id='word_1_22' title='bbox 1596 480 1670 505; x_wconf 86' lang='lat'>1307.</span> 
     </span>
    </p>
   </div>
   <div class='ocr_carea' id='block_1_4' title="bbox 1488 516 1685 522">
    <p class='ocr_par' dir='ltr' id='par_1_4' title="bbox 1488 516 1685 522">
     <span class='ocr_line' id='line_1_6' title="bbox 1488 516 1685 522; baseline 0 0"><span class='ocrx_word' id='word_1_23' title='bbox 1488 516 1685 522; x_wconf 95' lang='lat' dir='ltr'> </span> 
     </span>
    </p>
   </div>
   <div class='ocr_carea' id='block_1_5' title="bbox 1485 536 1644 561">
    <p class='ocr_par' dir='ltr' id='par_1_5' title="bbox 1485 536 1644 561">
     <span class='ocr_line' id='line_1_7' title="bbox 1485 536 1644 561; baseline 0.006 -1"><span class='ocrx_word' id='word_1_24' title='bbox 1485 536 1644 561; x_wconf 86' lang='lat' dir='ltr'>Document</span> 
     </span>
    </p>
   </div>
   <div class='ocr_carea' id='block_1_6' title="bbox 207 563 1683 618">
    <p class='ocr_par' dir='ltr' id='par_1_6' title="bbox 207 563 1683 618">
     <span class='ocr_line' id='line_1_8' title="bbox 207 563 1683 618; baseline 0.003 -15"><span class='ocrx_word' id='word_1_25' title='bbox 207 566 391 603; x_wconf 89' lang='lat' dir='ltr'>tuorum</span> <span class='ocrx_word' id='word_1_26' title='bbox 414 563 725 604; x_wconf 86' lang='lat' dir='ltr'>ministrorum</span> <span class='ocrx_word' id='word_1_27' title='bbox 747 563 947 605; x_wconf 89' lang='lat' dir='ltr'>humeris</span> <span class='ocrx_word' id='word_1_28' title='bbox 970 564 1211 618; x_wconf 92' lang='lat' dir='ltr'>imponunt</span> <span class='ocrx_word' id='word_1_29' title='bbox 1231 578 1385 615; x_wconf 86' lang='lat' dir='ltr'>onera,</span> <span class='ocrx_word' id='word_1_30' title='bbox 1407 569 1467 615; x_wconf 84' lang='lat' dir='ltr'>et,</span> <span class='ocrx_word' id='word_1_31' title='bbox 1484 570 1590 599; x_wconf 59' lang='lat' dir='ltr'>Setting</span> <span class='ocrx_word' id='word_1_32' title='bbox 1607 569 1683 594; x_wconf 74' lang='lat' dir='ltr'><strong>f01²¹¹</strong></span> 
     </span>
    </p>
   </div>
   <div class='ocr_carea' id='block_1_7' title="bbox 1484 603 1655 634">
    <p class='ocr_par' dir='ltr' id='par_1_7' title="bbox 1484 603 1655 634">
     <span class='ocr_line' id='line_1_9' title="bbox 1484 603 1655 634; baseline 0 -7"><span class='ocrx_word' id='word_1_33' title='bbox 1484 603 1533 627; x_wconf 86' lang='lat' dir='ltr'>the</span> <span class='ocrx_word' id='word_1_34' title='bbox 1545 609 1655 634; x_wconf 77' lang='lat' dir='ltr'>oppres-</span> 
     </span>
    </p>
   </div>
   <div class='ocr_carea' id='block_1_8' title="bbox 206 628 1664 685">
    <p class='ocr_par' dir='ltr' id='par_1_8' title="bbox 206 628 1664 685">
     <span class='ocr_line' id='line_1_10' title="bbox 206 628 1664 685; baseline 0.003 -16"><span class='ocrx_word' id='word_1_35' title='bbox 206 628 330 669; x_wconf 86' lang='lat' dir='ltr'>ultra</span> <span class='ocrx_word' id='word_1_36' title='bbox 350 641 488 682; x_wconf 88' lang='lat' dir='ltr'>quam</span> <span class='ocrx_word' id='word_1_37' title='bbox 509 629 655 680; x_wconf 89' lang='lat' dir='ltr'>decet,</span> <span class='ocrx_word' id='word_1_38' title='bbox 678 634 724 670; x_wconf 91' lang='lat' dir='ltr'>te</span> <span class='ocrx_word' id='word_1_39' title='bbox 754 630 1041 671; x_wconf 88' lang='lat' dir='ltr'>constituunt</span> <span class='ocrx_word' id='word_1_40' title='bbox 1061 632 1148 672; x_wconf 92' lang='lat' dir='ltr'>sub</span> <span class='ocrx_word' id='word_1_41' title='bbox 1169 631 1341 673; x_wconf 93' lang='lat' dir='ltr'>tributo</span> <span class='ocrx_word' id='word_1_42' title='bbox 1363 644 1467 685; x_wconf 87' lang='lat' dir='ltr'>quae</span> <span class='ocrx_word' id='word_1_43' title='bbox 1486 635 1664 660; x_wconf 61' lang='lat' dir='ltr'>⁸5⁰¹¹⁵⁰fth⁰</span> 
     </span>
    </p>
   </div>
   <div class='ocr_carea' id='block_1_9' title="bbox 204 694 1470 815">
    <p class='ocr_par' dir='ltr' id='par_1_9' title="bbox 204 694 1470 815">
     <span class='ocr_line' id='line_1_11' title="bbox 204 694 1468 749; baseline 0.003 -14"><span class='ocrx_word' id='word_1_44' title='bbox 204 694 349 735; x_wconf 89' lang='lat' dir='ltr'>libera</span> <span class='ocrx_word' id='word_1_45' title='bbox 371 695 523 736; x_wconf 86' lang='lat' dir='ltr'>fueras</span> <span class='ocrx_word' id='word_1_46' title='bbox 545 696 602 737; x_wconf 94' lang='lat' dir='ltr'>ab</span> <span class='ocrx_word' id='word_1_47' title='bbox 624 696 830 749; x_wconf 88' lang='lat' dir='ltr'>antiquo.</span> <span class='ocrx_word' id='word_1_48' title='bbox 903 696 1110 738; x_wconf 87' lang='lat' dir='ltr'>Recedat</span> <span class='ocrx_word' id='word_1_49' title='bbox 1135 697 1301 738; x_wconf 85' lang='lat' dir='ltr'>abhinc</span> <span class='ocrx_word' id='word_1_50' title='bbox 1321 697 1468 739; x_wconf 90' lang='lat' dir='ltr'>omnis</span> 
     </span>
     <span class='ocr_line' id='line_1_12' title="bbox 207 761 1470 815; baseline 0.003 -14"><span class='ocrx_word' id='word_1_51' title='bbox 207 761 522 803; x_wconf 80' lang='lat' dir='ltr'>admirationis</span> <span class='ocrx_word' id='word_1_52' title='bbox 563 762 773 812; x_wconf 88' lang='lat' dir='ltr'>materia,</span> <span class='ocrx_word' id='word_1_53' title='bbox 814 762 924 815; x_wconf 88' lang='lat' dir='ltr'>quia</span> <span class='ocrx_word' id='word_1_54' title='bbox 965 767 1114 803; x_wconf 87' lang='lat' dir='ltr'>mater</span> <span class='ocrx_word' id='word_1_55' title='bbox 1159 768 1241 804; x_wconf 91' lang='lat' dir='ltr'>tua</span> <span class='ocrx_word' id='word_1_56' title='bbox 1285 763 1470 805; x_wconf 86' lang='lat' dir='ltr'>domina</span> 
     </span>
    </p>
   </div>
   <div class='ocr_carea' id='block_1_10' title="bbox 206 828 1479 883">
    <p class='ocr_par' dir='ltr' id='par_1_10' title="bbox 206 828 1479 883">
     <span class='ocr_line' id='line_1_13' title="bbox 206 828 1479 883; baseline 0.002 -15"><span class='ocrx_word' id='word_1_57' title='bbox 206 829 426 880; x_wconf 86' lang='lat' dir='ltr'>gentium,</span> <span class='ocrx_word' id='word_1_58' title='bbox 447 828 686 869; x_wconf 85' lang='lat' dir='ltr'>viduarum</span> <span class='ocrx_word' id='word_1_59' title='bbox 708 840 850 877; x_wconf 90' lang='lat' dir='ltr'>more,</span> <span class='ocrx_word' id='word_1_60' title='bbox 864 841 948 870; x_wconf 92' lang='lat' dir='ltr'>suo</span> <span class='ocrx_word' id='word_1_61' title='bbox 969 828 1151 870; x_wconf 85' lang='lat' dir='ltr'>subdito</span> <span class='ocrx_word' id='word_1_62' title='bbox 1173 829 1479 883; x_wconf 60' lang='lat' dir='ltr'>desponsata„&gt;</span> 
     </span>
    </p>
   </div>
   <div class='ocr_carea' id='block_1_11' title="bbox 205 894 1478 2664">
    <p class='ocr_par' dir='ltr' id='par_1_11' title="bbox 205 894 1478 2664">
     <span class='ocr_line' id='line_1_14' title="bbox 207 894 1469 947; baseline 0.002 -13"><span class='ocrx_word' id='word_1_63' title='bbox 207 894 290 934; x_wconf 92' lang='lat' dir='ltr'>tibi</span> <span class='ocrx_word' id='word_1_64' title='bbox 313 894 463 946; x_wconf 92' lang='lat' dir='ltr'>ipsum</span> <span class='ocrx_word' id='word_1_65' title='bbox 483 894 530 934; x_wconf 92' lang='lat' dir='ltr'>in</span> <span class='ocrx_word' id='word_1_66' title='bbox 554 899 730 947; x_wconf 90' lang='lat' dir='ltr'>patrem</span> <span class='ocrx_word' id='word_1_67' title='bbox 752 894 1008 943; x_wconf 88' lang='lat' dir='ltr'>constituit,</span> <span class='ocrx_word' id='word_1_68' title='bbox 1023 898 1070 934; x_wconf 91' lang='lat' dir='ltr'>et</span> <span class='ocrx_word' id='word_1_69' title='bbox 1094 894 1321 936; x_wconf 78' lang='lat' dir='ltr'>Romanae</span> <span class='ocrx_word' id='word_1_70' title='bbox 1342 896 1469 936; x_wconf 90' lang='lat' dir='ltr'>urbis</span> 
     </span>
     <span class='ocr_line' id='line_1_15' title="bbox 206 958 1468 1013; baseline 0.002 -13"><span class='ocrx_word' id='word_1_71' title='bbox 206 959 468 1012; x_wconf 89' lang='lat' dir='ltr'>pontificem</span> <span class='ocrx_word' id='word_1_72' title='bbox 492 972 735 1000; x_wconf 90' lang='lat' dir='ltr'>summum.</span> <span class='ocrx_word' id='word_1_73' title='bbox 817 958 911 1010; x_wconf 86' lang='lat' dir='ltr'>Qui</span> <span class='ocrx_word' id='word_1_74' title='bbox 950 960 1162 1013; x_wconf 89' lang='lat' dir='ltr'>quamvis</span> <span class='ocrx_word' id='word_1_75' title='bbox 1202 961 1271 1001; x_wconf 86' lang='lat' dir='ltr'>ita</span> <span class='ocrx_word' id='word_1_76' title='bbox 1310 961 1386 1010; x_wconf 90' lang='lat' dir='ltr'>sit,</span> <span class='ocrx_word' id='word_1_77' title='bbox 1421 962 1468 1002; x_wconf 92' lang='lat' dir='ltr'>in</span> 
     </span>
     <span class='ocr_line' id='line_1_16' title="bbox 206 1025 1465 1078; baseline 0.003 -14"><span class='ocrx_word' id='word_1_78' title='bbox 206 1025 332 1066; x_wconf 90' lang='lat' dir='ltr'>nullo</span> <span class='ocrx_word' id='word_1_79' title='bbox 353 1029 508 1065; x_wconf 88' lang='lat' dir='ltr'>tamen</span> <span class='ocrx_word' id='word_1_80' title='bbox 530 1026 613 1066; x_wconf 88' lang='lat' dir='ltr'>tibi</span> <span class='ocrx_word' id='word_1_81' title='bbox 628 1025 921 1078; x_wconf 82' lang='lat' dir='ltr'>paternitatis</span> <span class='ocrx_word' id='word_1_82' title='bbox 943 1038 1110 1078; x_wconf 83' lang='lat' dir='ltr'>genere</span> <span class='ocrx_word' id='word_1_83' title='bbox 1134 1025 1220 1067; x_wconf 91' lang='lat' dir='ltr'>hoc</span> <span class='ocrx_word' id='word_1_84' title='bbox 1236 1026 1465 1069; x_wconf 83' lang='lat' dir='ltr'>ostendit:</span> 
     </span>
     <span class='ocr_line' id='line_1_17' title="bbox 206 1091 1469 1145; baseline 0.002 -13"><span class='ocrx_word' id='word_1_85' title='bbox 206 1104 347 1144; x_wconf 90' lang='lat' dir='ltr'>super</span> <span class='ocrx_word' id='word_1_86' title='bbox 386 1096 430 1132; x_wconf 91' lang='lat' dir='ltr'>te</span> <span class='ocrx_word' id='word_1_87' title='bbox 470 1091 653 1145; x_wconf 90' lang='lat' dir='ltr'>quidem</span> <span class='ocrx_word' id='word_1_88' title='bbox 693 1103 802 1132; x_wconf 88' lang='lat' dir='ltr'>suas</span> <span class='ocrx_word' id='word_1_89' title='bbox 843 1091 1110 1145; x_wconf 83' lang='lat' dir='ltr'>magnificat</span> <span class='ocrx_word' id='word_1_90' title='bbox 1156 1092 1374 1142; x_wconf 88' lang='lat' dir='ltr'>fimbrias,</span> <span class='ocrx_word' id='word_1_91' title='bbox 1422 1098 1469 1135; x_wconf 91' lang='lat' dir='ltr'>et</span> 
     </span>
     <span class='ocr_line' id='line_1_18' title="bbox 206 1155 1475 1211; baseline 0.002 -13"><span class='ocrx_word' id='word_1_92' title='bbox 206 1157 520 1211; x_wconf 87' lang='lat' dir='ltr'>experimento</span> <span class='ocrx_word' id='word_1_93' title='bbox 541 1158 702 1199; x_wconf 87' lang='lat' dir='ltr'>edocet</span> <span class='ocrx_word' id='word_1_94' title='bbox 723 1170 772 1198; x_wconf 90' lang='lat' dir='ltr'>se</span> <span class='ocrx_word' id='word_1_95' title='bbox 794 1162 887 1198; x_wconf 85' lang='lat' dir='ltr'>tuae</span> <span class='ocrx_word' id='word_1_96' title='bbox 908 1155 1070 1199; x_wconf 85' lang='lat' dir='ltr'>matris</span> <span class='ocrx_word' id='word_1_97' title='bbox 1095 1170 1197 1199; x_wconf 88' lang='lat' dir='ltr'>esse</span> <span class='ocrx_word' id='word_1_98' title='bbox 1219 1159 1436 1200; x_wconf 84' lang='lat' dir='ltr'>maritum</span> <span class='ocrx_word' id='word_1_99' title='bbox 1454 1172 1475 1211; x_wconf 89' lang='lat'>;·</span> 
     </span>
     <span class='ocr_line' id='line_1_19' title="bbox 205 1224 1474 1279; baseline 0.002 -14"><span class='ocrx_word' id='word_1_100' title='bbox 205 1228 533 1265; x_wconf 85' lang='lat' dir='ltr'>commemorat</span> <span class='ocrx_word' id='word_1_101' title='bbox 568 1225 689 1265; x_wconf 89' lang='lat' dir='ltr'>enim</span> <span class='ocrx_word' id='word_1_102' title='bbox 733 1224 856 1277; x_wconf 88' lang='lat' dir='ltr'>apud</span> <span class='ocrx_word' id='word_1_103' title='bbox 891 1236 941 1265; x_wconf 91' lang='lat' dir='ltr'>se</span> <span class='ocrx_word' id='word_1_104' title='bbox 984 1224 1302 1277; x_wconf 90' lang='lat' dir='ltr'>propheticum</span> <span class='ocrx_word' id='word_1_105' title='bbox 1343 1238 1474 1279; x_wconf 83' lang='lat' dir='ltr'>saepe</span> 
     </span>
     <span class='ocr_line' id='line_1_20' title="bbox 207 1290 1468 1344; baseline 0.001 -13"><span class='ocrx_word' id='word_1_106' title='bbox 207 1291 413 1340; x_wconf 88' lang='lat' dir='ltr'>verbum,</span> <span class='ocrx_word' id='word_1_107' title='bbox 444 1291 567 1344; x_wconf 92' lang='lat' dir='ltr'>quod</span> <span class='ocrx_word' id='word_1_108' title='bbox 598 1296 670 1332; x_wconf 92' lang='lat' dir='ltr'>est</span> <span class='ocrx_word' id='word_1_109' title='bbox 698 1290 747 1330; x_wconf 91' lang='lat' dir='ltr'>in</span> <span class='ocrx_word' id='word_1_110' title='bbox 775 1290 942 1331; x_wconf 89' lang='lat' dir='ltr'>scrinio</span> <span class='ocrx_word' id='word_1_111' title='bbox 972 1291 1044 1331; x_wconf 92' lang='lat' dir='ltr'>sui</span> <span class='ocrx_word' id='word_1_112' title='bbox 1073 1291 1272 1343; x_wconf 86' lang='lat' dir='ltr'>pectoris</span> <span class='ocrx_word' id='word_1_113' title='bbox 1304 1290 1370 1332; x_wconf 91' lang='lat' dir='ltr'>sic</span> <span class='ocrx_word' id='word_1_114' title='bbox 1400 1292 1468 1332; x_wconf 93' lang='lat' dir='ltr'>di-</span> 
     </span>
     <span class='ocr_line' id='line_1_21' title="bbox 207 1356 1469 1409; baseline 0.002 -12"><span class='ocrx_word' id='word_1_115' title='bbox 207 1362 387 1409; x_wconf 87' lang='lat' dir='ltr'>gestum</span> <span class='ocrx_word' id='word_1_116' title='bbox 405 1370 416 1398; x_wconf 90' lang='lat'>:</span> <span class='ocrx_word' id='word_1_117' title='bbox 448 1361 460 1379; x_wconf 91' lang='lat'>‘</span> <span class='ocrx_word' id='word_1_118' title='bbox 480 1356 619 1398; x_wconf 91' lang='lat' dir='ltr'>Sume</span> <span class='ocrx_word' id='word_1_119' title='bbox 641 1357 723 1398; x_wconf 90' lang='lat' dir='ltr'>tibi</span> <span class='ocrx_word' id='word_1_120' title='bbox 742 1356 910 1397; x_wconf 85' lang='lat' dir='ltr'>librum</span> <span class='ocrx_word' id='word_1_121' title='bbox 929 1356 1167 1409; x_wconf 80' lang='lat' dir='ltr'>grandem,</span> <span class='ocrx_word' id='word_1_122' title='bbox 1184 1362 1231 1398; x_wconf 90' lang='lat' dir='ltr'>et</span> <span class='ocrx_word' id='word_1_123' title='bbox 1251 1357 1399 1398; x_wconf 87' lang='lat' dir='ltr'>scribe</span> <span class='ocrx_word' id='word_1_124' title='bbox 1420 1358 1469 1399; x_wconf 91' lang='lat' dir='ltr'>in</span> 
     </span>
     <span class='ocr_line' id='line_1_22' title="bbox 207 1422 1468 1476; baseline 0.002 -13"><span class='ocrx_word' id='word_1_125' title='bbox 207 1435 261 1464; x_wconf 91' lang='lat' dir='ltr'>eo</span> <span class='ocrx_word' id='word_1_126' title='bbox 299 1422 405 1464; x_wconf 91' lang='lat' dir='ltr'>stilo</span> <span class='ocrx_word' id='word_1_127' title='bbox 440 1423 652 1472; x_wconf 87' lang='lat' dir='ltr'>hominis,</span> <span class='ocrx_word' id='word_1_128' title='bbox 689 1423 908 1464; x_wconf 85' lang='lat' dir='ltr'>velociter</span> <span class='ocrx_word' id='word_1_129' title='bbox 939 1423 1090 1476; x_wconf 90' lang='lat' dir='ltr'>spolia</span> <span class='ocrx_word' id='word_1_130' title='bbox 1129 1422 1336 1471; x_wconf 91' lang='lat' dir='ltr'>detrahe,</span> <span class='ocrx_word' id='word_1_131' title='bbox 1375 1424 1468 1466; x_wconf 91' lang='lat' dir='ltr'>cito</span> 
     </span>
     <span class='ocr_line' id='line_1_23' title="bbox 207 1488 1467 1542; baseline -0.001 -12"><span class='ocrx_word' id='word_1_132' title='bbox 207 1488 484 1542; x_wconf 80' lang='lat' dir='ltr'>praedare.’¹</span> <span class='ocrx_word' id='word_1_133' title='bbox 576 1488 800 1542; x_wconf 91' lang='lat' dir='ltr'>Nunquid</span> <span class='ocrx_word' id='word_1_134' title='bbox 851 1489 908 1530; x_wconf 88' lang='lat' dir='ltr'>ad</span> <span class='ocrx_word' id='word_1_135' title='bbox 949 1489 1037 1530; x_wconf 88' lang='lat' dir='ltr'>hoc</span> <span class='ocrx_word' id='word_1_136' title='bbox 1080 1489 1319 1542; x_wconf 87' lang='lat' dir='ltr'>apostolus</span> <span class='ocrx_word' id='word_1_137' title='bbox 1362 1502 1467 1530; x_wconf 92' lang='lat' dir='ltr'>eum</span> 
     </span>
     <span class='ocr_line' id='line_1_24' title="bbox 207 1554 1468 1608; baseline 0.001 -13"><span class='ocrx_word' id='word_1_138' title='bbox 207 1555 319 1596; x_wconf 91' lang='lat' dir='ltr'>dicit</span> <span class='ocrx_word' id='word_1_139' title='bbox 343 1555 580 1604; x_wconf 90' lang='lat' dir='ltr'>constitui,</span> <span class='ocrx_word' id='word_1_140' title='bbox 600 1555 708 1595; x_wconf 90' lang='lat' dir='ltr'>dum</span> <span class='ocrx_word' id='word_1_141' title='bbox 743 1555 810 1595; x_wconf 90' lang='lat' dir='ltr'>sic</span> <span class='ocrx_word' id='word_1_142' title='bbox 838 1555 1028 1596; x_wconf 67' lang='lat' dir='ltr'>scribit?</span> <span class='ocrx_word' id='word_1_143' title='bbox 1098 1559 1109 1575; x_wconf 92' lang='lat'>‘</span> <span class='ocrx_word' id='word_1_144' title='bbox 1131 1554 1291 1596; x_wconf 86' lang='lat' dir='ltr'>Omnis</span> <span class='ocrx_word' id='word_1_145' title='bbox 1318 1555 1468 1608; x_wconf 91' lang='lat' dir='ltr'>ponti-</span> 
     </span>
     <span class='ocr_line' id='line_1_25' title="bbox 205 1620 1469 1674; baseline 0 -12"><span class='ocrx_word' id='word_1_146' title='bbox 205 1621 283 1662; x_wconf 88' lang='lat' dir='ltr'>fex</span> <span class='ocrx_word' id='word_1_147' title='bbox 336 1634 395 1662; x_wconf 84' lang='lat' dir='ltr'>ex</span> <span class='ocrx_word' id='word_1_148' title='bbox 449 1621 709 1662; x_wconf 91' lang='lat' dir='ltr'>hominibus</span> <span class='ocrx_word' id='word_1_149' title='bbox 764 1626 1044 1674; x_wconf 87' lang='lat' dir='ltr'>assumptus,</span> <span class='ocrx_word' id='word_1_150' title='bbox 1088 1633 1172 1673; x_wconf 89' lang='lat' dir='ltr'>pro</span> <span class='ocrx_word' id='word_1_151' title='bbox 1212 1620 1469 1662; x_wconf 91' lang='lat' dir='ltr'>hominibus</span> 
     </span>
     <span class='ocr_line' id='line_1_26' title="bbox 206 1685 1475 1740; baseline 0 -12"><span class='ocrx_word' id='word_1_152' title='bbox 206 1687 502 1729; x_wconf 89' lang='lat' dir='ltr'>constituitur</span> <span class='ocrx_word' id='word_1_153' title='bbox 523 1687 572 1727; x_wconf 89' lang='lat' dir='ltr'>in</span> <span class='ocrx_word' id='word_1_154' title='bbox 598 1686 686 1727; x_wconf 94' lang='lat' dir='ltr'>hiis</span> <span class='ocrx_word' id='word_1_155' title='bbox 707 1699 812 1740; x_wconf 88' lang='lat' dir='ltr'>quae</span> <span class='ocrx_word' id='word_1_156' title='bbox 836 1692 945 1728; x_wconf 88' lang='lat' dir='ltr'>sunt</span> <span class='ocrx_word' id='word_1_157' title='bbox 965 1686 1088 1740; x_wconf 91' lang='lat' dir='ltr'>apud</span> <span class='ocrx_word' id='word_1_158' title='bbox 1125 1685 1337 1736; x_wconf 77' lang='lat' dir='ltr'>Deum,&#39;2</span> <span class='ocrx_word' id='word_1_159' title='bbox 1377 1700 1475 1728; x_wconf 47' lang='lat' dir='ltr'>non&gt;</span> 
     </span>
     <span class='ocr_line' id='line_1_27' title="bbox 206 1753 1478 1807; baseline 0 -13"><span class='ocrx_word' id='word_1_160' title='bbox 206 1753 264 1794; x_wconf 88' lang='lat' dir='ltr'>ad</span> <span class='ocrx_word' id='word_1_161' title='bbox 300 1754 450 1806; x_wconf 83' lang='lat' dir='ltr'>spolia</span> <span class='ocrx_word' id='word_1_162' title='bbox 484 1757 530 1794; x_wconf 91' lang='lat' dir='ltr'>et</span> <span class='ocrx_word' id='word_1_163' title='bbox 563 1753 765 1807; x_wconf 90' lang='lat' dir='ltr'>rapinas,</span> <span class='ocrx_word' id='word_1_164' title='bbox 803 1766 895 1794; x_wconf 93' lang='lat' dir='ltr'>non</span> <span class='ocrx_word' id='word_1_165' title='bbox 933 1766 1017 1806; x_wconf 88' lang='lat' dir='ltr'>pro</span> <span class='ocrx_word' id='word_1_166' title='bbox 1056 1753 1221 1793; x_wconf 87' lang='lat' dir='ltr'>annuis</span> <span class='ocrx_word' id='word_1_167' title='bbox 1258 1753 1478 1794; x_wconf 53' lang='lat' dir='ltr'>censibus&gt;-</span> 
     </span>
     <span class='ocr_line' id='line_1_28' title="bbox 206 1819 1468 1873; baseline 0.001 -14"><span class='ocrx_word' id='word_1_168' title='bbox 206 1819 506 1873; x_wconf 86' lang='lat' dir='ltr'>imponendis,</span> <span class='ocrx_word' id='word_1_169' title='bbox 545 1832 629 1861; x_wconf 90' lang='lat' dir='ltr'>nec</span> <span class='ocrx_word' id='word_1_170' title='bbox 666 1832 750 1872; x_wconf 87' lang='lat' dir='ltr'>pro</span> <span class='ocrx_word' id='word_1_171' title='bbox 799 1819 1017 1860; x_wconf 90' lang='lat' dir='ltr'>necandis</span> <span class='ocrx_word' id='word_1_172' title='bbox 1063 1819 1341 1869; x_wconf 91' lang='lat' dir='ltr'>hominibus,</span> <span class='ocrx_word' id='word_1_173' title='bbox 1387 1819 1468 1860; x_wconf 90' lang='lat' dir='ltr'>sed</span> 
     </span>
     <span class='ocr_line' id='line_1_29' title="bbox 207 1885 1469 1939; baseline 0 -13"><span class='ocrx_word' id='word_1_174' title='bbox 207 1889 287 1927; x_wconf 87' lang='lat' dir='ltr'>‘ut</span> <span class='ocrx_word' id='word_1_175' title='bbox 321 1885 482 1927; x_wconf 87' lang='lat' dir='ltr'>offerat</span> <span class='ocrx_word' id='word_1_176' title='bbox 519 1885 642 1927; x_wconf 90' lang='lat' dir='ltr'>dona</span> <span class='ocrx_word' id='word_1_177' title='bbox 676 1891 722 1926; x_wconf 92' lang='lat' dir='ltr'>et</span> <span class='ocrx_word' id='word_1_178' title='bbox 761 1885 988 1927; x_wconf 88' lang='lat' dir='ltr'>sacrificia</span> <span class='ocrx_word' id='word_1_179' title='bbox 1022 1898 1105 1938; x_wconf 91' lang='lat' dir='ltr'>pro</span> <span class='ocrx_word' id='word_1_180' title='bbox 1139 1886 1357 1938; x_wconf 83' lang='lat' dir='ltr'>peccatis,</span> <span class='ocrx_word' id='word_1_181' title='bbox 1389 1886 1469 1939; x_wconf 92' lang='lat' dir='ltr'>qui</span> 
     </span>
     <span class='ocr_line' id='line_1_30' title="bbox 207 1949 1472 2005; baseline 0 -13"><span class='ocrx_word' id='word_1_182' title='bbox 207 1952 345 1992; x_wconf 89' lang='lat' dir='ltr'>etiam</span> <span class='ocrx_word' id='word_1_183' title='bbox 359 1952 601 1993; x_wconf 89' lang='lat' dir='ltr'>condolere</span> <span class='ocrx_word' id='word_1_184' title='bbox 618 1952 764 2005; x_wconf 89' lang='lat' dir='ltr'>possit</span> <span class='ocrx_word' id='word_1_185' title='bbox 781 1951 867 1992; x_wconf 92' lang='lat' dir='ltr'>hiis</span> <span class='ocrx_word' id='word_1_186' title='bbox 881 1952 959 2004; x_wconf 89' lang='lat' dir='ltr'>qui</span> <span class='ocrx_word' id='word_1_187' title='bbox 975 1951 1191 2004; x_wconf 84' lang='lat' dir='ltr'>ignorant</span> <span class='ocrx_word' id='word_1_188' title='bbox 1202 1956 1249 1992; x_wconf 91' lang='lat' dir='ltr'>et</span> <span class='ocrx_word' id='word_1_189' title='bbox 1262 1949 1472 1993; x_wconf 74' lang='lat' dir='ltr'>errant.’2</span> 
     </span>
     <span class='ocr_line' id='line_1_31' title="bbox 209 2016 1471 2071; baseline 0 -13"><span class='ocrx_word' id='word_1_190' title='bbox 209 2017 270 2059; x_wconf 91' lang='lat' dir='ltr'>Et</span> <span class='ocrx_word' id='word_1_191' title='bbox 301 2018 357 2059; x_wconf 93' lang='lat' dir='ltr'>de</span> <span class='ocrx_word' id='word_1_192' title='bbox 403 2018 545 2060; x_wconf 90' lang='lat' dir='ltr'>Petro</span> <span class='ocrx_word' id='word_1_193' title='bbox 588 2018 759 2070; x_wconf 83' lang='lat' dir='ltr'>legitur</span> <span class='ocrx_word' id='word_1_194' title='bbox 795 2018 1041 2071; x_wconf 88' lang='lat' dir='ltr'>piscatore,</span> <span class='ocrx_word' id='word_1_195' title='bbox 1085 2016 1217 2070; x_wconf 90' lang='lat' dir='ltr'>cujus</span> <span class='ocrx_word' id='word_1_196' title='bbox 1260 2029 1311 2057; x_wconf 92' lang='lat' dir='ltr'>se</span> <span class='ocrx_word' id='word_1_197' title='bbox 1347 2030 1471 2058; x_wconf 89' lang='lat' dir='ltr'>com-</span> 
     </span>
     <span class='ocr_line' id='line_1_32' title="bbox 208 2082 1477 2137; baseline -0.002 -12"><span class='ocrx_word' id='word_1_198' title='bbox 208 2089 431 2126; x_wconf 89' lang='lat' dir='ltr'>memorat</span> <span class='ocrx_word' id='word_1_199' title='bbox 460 2096 787 2132; x_wconf 88' lang='lat' dir='ltr'>successorem,</span> <span class='ocrx_word' id='word_1_200' title='bbox 819 2083 940 2137; x_wconf 93' lang='lat' dir='ltr'>quod</span> <span class='ocrx_word' id='word_1_201' title='bbox 973 2087 1079 2136; x_wconf 92' lang='lat' dir='ltr'>post</span> <span class='ocrx_word' id='word_1_202' title='bbox 1114 2082 1287 2123; x_wconf 89' lang='lat' dir='ltr'>Christi</span> <span class='ocrx_word' id='word_1_203' title='bbox 1318 2095 1477 2124; x_wconf 64' lang='lat' dir='ltr'>resur-&gt;</span> 
     </span>
     <span class='ocr_line' id='line_1_33' title="bbox 208 2148 1471 2203; baseline 0 -14"><span class='ocrx_word' id='word_1_204' title='bbox 208 2151 454 2191; x_wconf 90' lang='lat' dir='ltr'>rectionem</span> <span class='ocrx_word' id='word_1_205' title='bbox 504 2164 606 2191; x_wconf 90' lang='lat' dir='ltr'>cum</span> <span class='ocrx_word' id='word_1_206' title='bbox 658 2150 836 2191; x_wconf 87' lang='lat' dir='ltr'>caeteris</span> <span class='ocrx_word' id='word_1_207' title='bbox 879 2149 1102 2203; x_wconf 89' lang='lat' dir='ltr'>apostolis</span> <span class='ocrx_word' id='word_1_208' title='bbox 1156 2148 1214 2189; x_wconf 90' lang='lat' dir='ltr'>ad</span> <span class='ocrx_word' id='word_1_209' title='bbox 1261 2148 1471 2201; x_wconf 86' lang='lat' dir='ltr'>piscandi</span> 
     </span>
     <span class='ocr_line' id='line_1_34' title="bbox 210 2212 1475 2268; baseline -0.001 -12"><span class='ocrx_word' id='word_1_210' title='bbox 210 2215 405 2256; x_wconf 88' lang='lat' dir='ltr'>officium</span> <span class='ocrx_word' id='word_1_211' title='bbox 435 2220 504 2257; x_wconf 90' lang='lat' dir='ltr'>est</span> <span class='ocrx_word' id='word_1_212' title='bbox 539 2227 784 2267; x_wconf 85' lang='lat' dir='ltr'>reversus;</span> <span class='ocrx_word' id='word_1_213' title='bbox 823 2215 901 2268; x_wconf 90' lang='lat' dir='ltr'>qui</span> <span class='ocrx_word' id='word_1_214' title='bbox 929 2227 1032 2256; x_wconf 91' lang='lat' dir='ltr'>cum</span> <span class='ocrx_word' id='word_1_215' title='bbox 1060 2213 1173 2255; x_wconf 92' lang='lat' dir='ltr'>nihil</span> <span class='ocrx_word' id='word_1_216' title='bbox 1204 2213 1252 2254; x_wconf 91' lang='lat' dir='ltr'>in</span> <span class='ocrx_word' id='word_1_217' title='bbox 1280 2212 1475 2255; x_wconf 82' lang='lat' dir='ltr'>sinistra</span> 
     </span>
     <span class='ocr_line' id='line_1_35' title="bbox 209 2279 1467 2335; baseline -0.001 -13"><span class='ocrx_word' id='word_1_218' title='bbox 209 2289 340 2335; x_wconf 87' lang='lat' dir='ltr'>parte</span> <span class='ocrx_word' id='word_1_219' title='bbox 361 2282 534 2335; x_wconf 89' lang='lat' dir='ltr'>navigii</span> <span class='ocrx_word' id='word_1_220' title='bbox 550 2287 752 2335; x_wconf 90' lang='lat' dir='ltr'>caperet,</span> <span class='ocrx_word' id='word_1_221' title='bbox 768 2280 953 2323; x_wconf 87' lang='lat' dir='ltr'>Christo</span> <span class='ocrx_word' id='word_1_222' title='bbox 963 2279 1155 2334; x_wconf 87' lang='lat' dir='ltr'>jubente</span> <span class='ocrx_word' id='word_1_223' title='bbox 1175 2279 1233 2321; x_wconf 87' lang='lat' dir='ltr'>ad</span> <span class='ocrx_word' id='word_1_224' title='bbox 1255 2279 1467 2321; x_wconf 89' lang='lat' dir='ltr'>dextram</span> 
     </span>
     <span class='ocr_line' id='line_1_36' title="bbox 209 2346 1472 2400; baseline -0.002 -12"><span class='ocrx_word' id='word_1_225' title='bbox 209 2360 258 2389; x_wconf 89' lang='lat' dir='ltr'>se</span> <span class='ocrx_word' id='word_1_226' title='bbox 280 2349 523 2399; x_wconf 86' lang='lat' dir='ltr'>convertit,</span> <span class='ocrx_word' id='word_1_227' title='bbox 539 2353 585 2389; x_wconf 92' lang='lat' dir='ltr'>et</span> <span class='ocrx_word' id='word_1_228' title='bbox 603 2347 651 2388; x_wconf 89' lang='lat' dir='ltr'>in</span> <span class='ocrx_word' id='word_1_229' title='bbox 671 2352 841 2389; x_wconf 87' lang='lat' dir='ltr'>terram</span> <span class='ocrx_word' id='word_1_230' title='bbox 861 2347 1047 2400; x_wconf 90' lang='lat' dir='ltr'>plenum</span> <span class='ocrx_word' id='word_1_231' title='bbox 1068 2346 1247 2399; x_wconf 88' lang='lat' dir='ltr'>magnis</span> <span class='ocrx_word' id='word_1_232' title='bbox 1271 2346 1472 2399; x_wconf 87' lang='lat' dir='ltr'>piscibus</span> 
     </span>
     <span class='ocr_line' id='line_1_37' title="bbox 212 2412 1472 2466; baseline -0.003 -10"><span class='ocrx_word' id='word_1_233' title='bbox 212 2419 307 2456; x_wconf 84' lang='lat' dir='ltr'>rete</span> <span class='ocrx_word' id='word_1_234' title='bbox 325 2415 482 2456; x_wconf 89' lang='lat' dir='ltr'>traxit.</span> <span class='ocrx_word' id='word_1_235' title='bbox 553 2414 638 2455; x_wconf 90' lang='lat' dir='ltr'>Est</span> <span class='ocrx_word' id='word_1_236' title='bbox 653 2414 796 2466; x_wconf 83' lang='lat' dir='ltr'>igitur</span> <span class='ocrx_word' id='word_1_237' title='bbox 812 2412 1114 2454; x_wconf 89' lang='lat' dir='ltr'>ministerium</span> <span class='ocrx_word' id='word_1_238' title='bbox 1135 2412 1341 2453; x_wconf 79' lang='lat' dir='ltr'>eccle&#39;siae</span> <span class='ocrx_word' id='word_1_239' title='bbox 1358 2412 1472 2453; x_wconf 91' lang='lat' dir='ltr'>utile</span> 
     </span>
     <span class='ocr_line' id='line_1_38' title="bbox 208 2477 1473 2533; baseline -0.002 -12"><span class='ocrx_word' id='word_1_240' title='bbox 208 2480 254 2521; x_wconf 93' lang='lat' dir='ltr'>in</span> <span class='ocrx_word' id='word_1_241' title='bbox 280 2486 412 2533; x_wconf 87' lang='lat' dir='ltr'>parte</span> <span class='ocrx_word' id='word_1_242' title='bbox 433 2480 600 2522; x_wconf 87' lang='lat' dir='ltr'>dextra</span> <span class='ocrx_word' id='word_1_243' title='bbox 619 2478 941 2528; x_wconf 89' lang='lat' dir='ltr'>exercendum,</span> <span class='ocrx_word' id='word_1_244' title='bbox 962 2491 1044 2532; x_wconf 89' lang='lat' dir='ltr'>per</span> <span class='ocrx_word' id='word_1_245' title='bbox 1057 2477 1178 2531; x_wconf 94' lang='lat' dir='ltr'>quod</span> <span class='ocrx_word' id='word_1_246' title='bbox 1200 2483 1246 2519; x_wconf 93' lang='lat' dir='ltr'>et</span> <span class='ocrx_word' id='word_1_247' title='bbox 1261 2478 1473 2519; x_wconf 92' lang='lat' dir='ltr'>diabolus</span> 
     </span>
     <span class='ocr_line' id='line_1_39' title="bbox 211 2543 1472 2598; baseline -0.002 -11"><span class='ocrx_word' id='word_1_248' title='bbox 211 2547 422 2597; x_wconf 87' lang='lat' dir='ltr'>vincitur,</span> <span class='ocrx_word' id='word_1_249' title='bbox 437 2552 484 2588; x_wconf 89' lang='lat' dir='ltr'>et</span> <span class='ocrx_word' id='word_1_250' title='bbox 497 2546 642 2588; x_wconf 91' lang='lat' dir='ltr'>eidem</span> <span class='ocrx_word' id='word_1_251' title='bbox 658 2545 842 2587; x_wconf 90' lang='lat' dir='ltr'>Christo</span> <span class='ocrx_word' id='word_1_252' title='bbox 859 2545 994 2598; x_wconf 90' lang='lat' dir='ltr'>copia</span> <span class='ocrx_word' id='word_1_253' title='bbox 1008 2544 1188 2597; x_wconf 86' lang='lat' dir='ltr'>capitur</span> <span class='ocrx_word' id='word_1_254' title='bbox 1204 2543 1472 2585; x_wconf 86' lang='lat' dir='ltr'>animarum.</span> 
     </span>
     <span class='ocr_line' id='line_1_40' title="bbox 214 2610 1475 2664; baseline -0.003 -10"><span class='ocrx_word' id='word_1_255' title='bbox 214 2612 350 2654; x_wconf 88' lang='lat' dir='ltr'>Certe</span> <span class='ocrx_word' id='word_1_256' title='bbox 377 2612 442 2653; x_wconf 90' lang='lat' dir='ltr'>sic</span> <span class='ocrx_word' id='word_1_257' title='bbox 478 2612 624 2654; x_wconf 87' lang='lat' dir='ltr'>‘liber</span> <span class='ocrx_word' id='word_1_258' title='bbox 639 2613 650 2628; x_wconf 94' lang='lat'>&#39;</span> <span class='ocrx_word' id='word_1_259' title='bbox 666 2611 682 2634; x_wconf 84' lang='lat'>³</span> <span class='ocrx_word' id='word_1_260' title='bbox 716 2612 915 2653; x_wconf 84' lang='lat' dir='ltr'>sinistrae</span> <span class='ocrx_word' id='word_1_261' title='bbox 947 2610 1092 2664; x_wconf 85' lang='lat' dir='ltr'>partis</span> <span class='ocrx_word' id='word_1_262' title='bbox 1112 2610 1286 2663; x_wconf 83' lang='lat' dir='ltr'>navigii</span> <span class='ocrx_word' id='word_1_263' title='bbox 1310 2623 1402 2651; x_wconf 91' lang='lat' dir='ltr'>non</span> <span class='ocrx_word' id='word_1_264' title='bbox 1425 2610 1475 2651; x_wconf 79' lang='lat' dir='ltr'>Se</span> 
     </span>
    </p>
   </div>
   <div class='ocr_carea' id='block_1_12' title="bbox 261 2784 1478 2873">
    <p class='ocr_par' dir='ltr' id='par_1_12' title="bbox 261 2784 1478 2873">
     <span class='ocr_line' id='line_1_41' title="bbox 262 2784 1478 2827; baseline -0.001 -10"><span class='ocrx_word' id='word_1_265' title='bbox 262 2784 271 2806; x_wconf 88' lang='lat'>¹</span> <span class='ocrx_word' id='word_1_266' title='bbox 298 2786 427 2826; x_wconf 85' lang='lat' dir='ltr'>Isaiah,</span> <span class='ocrx_word' id='word_1_267' title='bbox 443 2787 515 2818; x_wconf 88' lang='lat' dir='ltr'>viii.</span> <span class='ocrx_word' id='word_1_268' title='bbox 533 2789 564 2818; x_wconf 93' lang='lat'>1.</span> <span class='ocrx_word' id='word_1_269' title='bbox 905 2784 918 2803; x_wconf 84' lang='lat'><strong>³</strong></span> <span class='ocrx_word' id='word_1_270' title='bbox 944 2785 1084 2827; x_wconf 87' lang='lat' dir='ltr'>‘labor,’</span> <span class='ocrx_word' id='word_1_271' title='bbox 1111 2786 1261 2825; x_wconf 84' lang='lat' dir='ltr'>Prynne,</span> <span class='ocrx_word' id='word_1_272' title='bbox 1285 2794 1377 2816; x_wconf 90' lang='lat' dir='ltr'>more</span> <span class='ocrx_word' id='word_1_273' title='bbox 1406 2787 1478 2816; x_wconf 75' lang='lat' dir='ltr'>eor—</span> 
     </span>
     <span class='ocr_line' id='line_1_42' title="bbox 261 2829 980 2873; baseline 0.003 -10"><span class='ocrx_word' id='word_1_274' title='bbox 261 2829 275 2848; x_wconf 78' lang='lat'>²</span> <span class='ocrx_word' id='word_1_275' title='bbox 297 2833 477 2873; x_wconf 86' lang='lat' dir='ltr'>Hebrews,</span> <span class='ocrx_word' id='word_1_276' title='bbox 493 2843 524 2865; x_wconf 88' lang='lat' dir='ltr'>v.</span> <span class='ocrx_word' id='word_1_277' title='bbox 543 2835 573 2866; x_wconf 91' lang='lat'>1.</span> <span class='ocrx_word' id='word_1_278' title='bbox 860 2833 980 2872; x_wconf 85' lang='lat' dir='ltr'>rectly.</span> 
     </span>
    </p>
   </div>
   <div class='ocr_carea' id='block_1_13' title="bbox 1485 669 1671 695">
    <p class='ocr_par' dir='ltr' id='par_1_13' title="bbox 1485 669 1671 695">
     <span class='ocr_line' id='line_1_43' title="bbox 1485 669 1671 695; baseline -0.011 0"><span class='ocrx_word' id='word_1_279' title='bbox 1485 669 1597 695; x_wconf 80' lang='lat' dir='ltr'>Roman</span> <span class='ocrx_word' id='word_1_280' title='bbox 1609 669 1671 694; x_wconf 87' lang='lat' dir='ltr'>See.</span> 
     </span>
    </p>
   </div>
  </div>
 </body>
</html>
