1992 3202
537 279 597 322 66
1028 287 1310 321 οΗιιοΝιοοΝ

341 406 511 466 ῗῦῗιιιιῖἐέ.
541 394 732 437 devotos
765 392 1008 442 exuberat,
1045 392 1357 435 abundantius
1402 394 1634 436 merearis.
1703 394 1802 436 Da-

325 478 473 518 mm„
542 467 639 503 tum
682 458 913 509 Laterani,
949 461 962 480 ‘
987 457 1103 500 Χῖ)1
1140 457 1362 502 kalendas
1406 460 1584 511 Martii,
1621 460 1805 516 pontifi-

328 519 393 544 Feb.
409 519 449 544 ¹⁹·
542 531 674 569 catus
699 525 842 567 nostri
867 537 990 566 anno
1010 523 1207 579 primo.”

925 673 990 715 De
1013 673 1282 729 Responsione
1300 673 1438 731 Reyis.

331 796 501 864 3353&
604 787 813 842 Cumque
844 788 890 829 in
920 787 1123 829 adventu
1146 786 1447 829 cardinalium
1467 787 1670 830 nondum
1691 793 1812 831 esset

331 867 445 897 renuent
545 866 758 896 reversus
797 866 883 896 rex
919 866 947 896 a
968 853 1144 896 Wallia
1183 857 1288 907 post
1321 865 1536 906 guerram
1569 867 1708 908 quam
1747 855 1812 896 ibi

331 905 445 964 ’Ᾰοιῗῖῗὶ
547 920 744 971 finierat,
766 919 987 975 praecepit
1016 932 1101 962 rex
1131 923 1184 960 ut
1218 919 1465 961 honorifice
1486 924 1813 970 tractarentur,

551 986 892 1040 Londoniisque
914 988 1088 1028 moram
1110 984 1314 1027 facerent
1343 997 1490 1039 usque
1525 987 1584 1028 ad
1608 986 1813 1028 Vincula

547 1053 674 1095 beati
697 1052 842 1103 Petri,
865 1052 1011 1107 ipsius
1040 1052 1163 1105 regis
1187 1051 1435 1093 adventum
1460 1052 1810 1106 praestolantes3

550 1118 609 1160 ad
644 1130 780 1173 quem
819 1118 941 1160 diem
984 1118 1084 1172 ipse
1120 1129 1221 1167 rex,
1255 1117 1500 1171 pacificata
1531 1118 1721 1169 Wallia,
1767 1122 1815 1161 et

551 1197 709 1226 omnes
746 1188 984 1237 magnates
1014 1187 1111 1224 tam
1139 1183 1249 1224 cleri
1270 1195 1407 1236 quam
1447 1184 1608 1238 populi
1641 1185 1817 1239 specia-

551 1250 658 1291 liter
687 1250 745 1291 ad
768 1249 856 1292 hoc
873 1249 1028 1291 vocati
1053 1252 1384 1302 comparentes,
1405 1249 1531 1303 ipsos
1562 1250 1817 1292 cardinales

554 1315 801 1358 honorifice
834 1320 881 1357 et
916 1316 1019 1356 eum
1058 1313 1362 1356 ‘immenso’2
1395 1315 1566 1368 gaudio
1603 1329 1817 1371 suscepe-

554 1387 677 1424 runt.
760 1381 986 1435 Cumque,
1023 1380 1147 1422 facto
1195 1381 1394 1431 silentio,
1442 1386 1636 1436 uterque
1673 1383 1820 1425 cardi-

556 1448 729 1490 nalium
750 1447 878 1502 pacis
899 1448 1154 1488 sermonem
1175 1445 1358 1493 faceret,
1379 1452 1426 1489 et
1445 1448 1594 1490 multa
1613 1449 1817 1491 vicissim

558 1514 614 1556 de
641 1515 761 1556 bono
782 1514 910 1568 pacis
929 1513 1287 1562 introducerent,
1308 1513 1354 1554 in
1385 1513 1474 1556 fine
1500 1515 1684 1556 tandem
1710 1528 1818 1557 con·

559 1580 811 1631 cludentes,
831 1580 980 1634 ipsum
1001 1592 1171 1632 regem,
1188 1583 1405 1633 tanquam
1425 1581 1554 1633 pacis
1574 1581 1820 1623 zelatorem

558 1650 605 1688 et
644 1646 789 1687 filium
833 1645 1126 1696 catholicum,
1171 1651 1455 1698 rogaverunt
1502 1639 1556 1688 ut
1598 1651 1819 1702 tanquam

558 1712 770 1767 princeps
790 1712 1022 1766 piissimus
1046 1715 1092 1753 et
1114 1711 1242 1766 pacis
1273 1711 1393 1753 filius
1423 1712 1690 1766 dignaretur
1721 1714 1820 1755 ani—

559 1791 684 1819 mum
718 1778 777 1820 ad
815 1778 942 1832 pacis
977 1778 1148 1820 bonum
1176 1777 1428 1820 inclinare:
1460 1791 1823 1834 responsumque

559 1849 631 1886 est
666 1844 732 1886 eis
769 1857 829 1886 ex
863 1848 996 1898 parte
1026 1844 1147 1897 regis
1184 1844 1307 1897 quod
1343 1844 1595 1887 deliberato
1630 1846 1822 1888 consilio

561 1923 645 1952 rex
697 1910 755 1952 ad
798 1910 1082 1963 interrogata
1117 1914 1163 1951 et
1207 1915 1371 1963 rogata
1407 1912 1702 1965 responderet
1751 1913 1825 1954 die

561 1975 717 2019 tertia.
787 1975 902 2018 Erat
925 1980 1079 2018 autem
1100 1975 1254 2018 thema
1272 1976 1406 2017 unius
1426 1977 1688 2028 cardinalis,
1710 1979 1825 2020 “Da

563 2042 741 2098 pacem,
785 2042 998 2092 Domine,
1043 2042 1091 2083 in
1142 2041 1302 2083 diebus
1343 2043 1512 2084 nostris
1532 2041 1576 2094 ;”
1635 2043 1824 2086 alterius

562 2121 691 2159 vero,
712 2112 743 2131 “
763 2107 1017 2163 Adaperiat
1040 2107 1268 2149 Dominus
1299 2121 1379 2150 cor
1396 2113 1598 2150 vestrum
1640 2110 1688 2151 in
1721 2110 1824 2165 lege

565 2187 665 2225 sua,
707 2180 753 2217 et
801 2174 848 2216 in
891 2174 1135 2228 praeceptis
1180 2173 1292 2224 suiS,
1333 2179 1379 2216 et
1430 2175 1570 2217 faciat
1618 2177 1823 2229 pacem.’'

566 2239 855 2284 Adveniente
896 2240 969 2282 die
1012 2240 1165 2290 tertio,
1206 2244 1252 2281 et
1293 2246 1573 2295 congregato
1619 2243 1827 2294 concilio,

565 2307 707 2349 frater
758 2307 1020 2349 Willelmus
1073 2306 1130 2347 de
1183 2306 1391 2348 Hothom
1446 2308 1717 2360 praedicavit
1777 2310 1824 2351 in

570 2373 763 2424 Latinis,
825 2373 945 2415 sicut
1006 2371 1262 2414 cardinales
1327 2372 1541 2423 fecerant,
1590 2380 1828 2429 assumpto

569 2440 771 2482 themate
798 2439 901 2490 hoc,
922 2443 952 2462 “
968 2438 1169 2480 Audiam
1195 2438 1304 2491 quid
1334 2438 1551 2492 loquatur
1569 2439 1616 2480 in
1637 2453 1709 2482 me
1729 2441 1827 2482 Do-

570 2506 734 2556 minus,
798 2506 1013 2560 quoniam
1075 2504 1291 2557 loquetur
1338 2516 1498 2558 pacem
1551 2505 1599 2546 in
1649 2506 1828 2560 plebem

573 2570 772 2623 suam,''³
802 2571 1024 2613 reducens
1054 2569 1101 2610 in
1128 2574 1260 2623 parte
1298 2569 1363 2611 sic
1393 2570 1515 2623 quod
1553 2584 1635 2613 rex
1671 2579 1829 2615 noster

574 2643 796 2692 tanquam
833 2650 969 2679 verus
1018 2635 1290 2678 obedientiae
1331 2635 1452 2677 filius
1491 2638 1711 2691 pacisque
1759 2653 1829 2681 ze-

619 2742 627 2761 .
651 2746 661 2762 ι
723 2746 732 2759 ,

617 2788 630 2807 θ
653 2746 916 2831 8ἱῖρῇῗίὃέῐοΠὶ
934 2791 1008 2824 MS·
1026 2790 1149 2822 Lansd·
1263 2763 1277 2783 ³
1299 2765 1358 2798 Pu.
1374 2766 1492 2798 lxxxv.
1508 2776 1539 2799 v.
1556 2769 1588 2800 8.
