2038 3306
544 298 630 341 102
1037 306 1317 338 canonicor(

353 425 471 452 mma
486 424 509 451 1.
549 409 693 453 obliti
716 422 912 464 namque
935 415 1062 460 sunt,
1083 410 1222 450 immo
1244 409 1400 463 potius
1423 412 1811 462 contempserunt,

349 459 519 485 A'D'¹²⁹⁶'
548 476 811 518 memoriam
846 475 1085 518 reverendi
1119 475 1302 529 patroni
1339 474 1543 529 ejusdem
1574 474 1735 516 domus
1765 478 1812 515 et

549 542 779 596 quondam
813 543 957 584 totius
995 540 1181 589 Scotiae,
1218 540 1471 582 beatissimi
1503 540 1677 582 scilicet
1714 539 1813 581 An-

549 608 669 649 dreae
698 608 909 662 apostoli,
930 606 1314 662 parvipendentes
1345 605 1473 648 illum
1503 619 1638 660 quem
1659 611 1813 660 patro-

551 686 659 714 num
684 673 812 727 regni
847 673 1014 716 Scotiae
1042 673 1297 726 antiquitus
1329 673 1563 714 nominare
1590 672 1813 714 solebant.

338 743 535 805 '‘fs'‘fig’ggssgfy
555 739 667 780 Inde
708 752 816 781 vero
855 739 1148 789 divertentes,
1190 738 1375 780 domum
1415 743 1678 780 sanctarum
1720 749 1814 779 mo-

339 808 459 834 buwed·
554 804 740 846 nialium
766 805 823 846 de
851 804 1131 859 Lameslay,¹
1156 817 1258 846 cum
1289 805 1468 847 caeteris
1499 803 1816 859 adjacentibus

554 872 602 913 in
621 871 789 924 patria,
811 872 1020 914 incendio
1042 871 1248 913 horribili
1272 874 1637 920 concremarunt,
1658 870 1706 911 in
1727 869 1816 910 fine

555 937 678 977 illius
724 937 813 978 diei
852 937 882 978 J
887 938 986 979 ovis
1024 941 1345 991 pernoctantes
1386 937 1507 991 apud
1548 937 1817 978 Lanercost.

558 1002 764 1056 Cumque
798 1016 954 1044 eorum
989 1003 1153 1044 fuisset
1187 1003 1442 1045 voluntatis
1482 1003 1674 1045 ulterius
1711 1014 1817 1056 pro-

557 1068 732 1119 cedere,
763 1069 911 1111 noluit
939 1069 1039 1123 ipse
1070 1069 1215 1120 Deus,
1240 1074 1285 1110 et
1315 1069 1417 1111 ideo
1447 1069 1653 1123 impediti
1683 1072 1815 1109 sunt:

559 1133 689 1175 affuit
733 1135 851 1176 enim
891 1135 1084 1176 nuncius
1124 1148 1182 1176 ex
1225 1135 1320 1176 suis
1361 1135 1440 1189 qui
1479 1135 1650 1176 diceret
1695 1133 1818 1187 quod

559 1200 790 1241 exercitus
811 1201 932 1253 regis
962 1200 1146 1254 Angliae
1170 1201 1357 1242 veniens
1377 1201 1423 1241 in
1446 1201 1657 1254 proximo
1677 1199 1751 1240 vel
1774 1199 1821 1240 in

553 1264 711 1318 januis
744 1266 994 1308 assisteret.
1065 1265 1265 1308 Attoniti
1293 1279 1401 1308 vero
1431 1270 1477 1307 et
1505 1265 1751 1320 stupefacti
1772 1265 1822 1305 in

560 1330 662 1380 hoc,
702 1344 806 1372 cum
839 1331 1061 1385 quasdam
1095 1332 1258 1373 domus
1295 1331 1500 1386 ejusdem
1538 1331 1821 1381 monasterii,

560 1409 651 1437 non
675 1401 829 1438 tamen
853 1398 1105 1449 ecclesiam,
1134 1399 1458 1449 incendissent,
1482 1411 1660 1440 summo
1689 1410 1822 1438 mane

560 1462 649 1502 diei
683 1462 880 1504 Veneris
907 1477 988 1518 per
1012 1464 1211 1506 medium
1241 1465 1423 1507 forestae
1458 1465 1688 1518 Nicholay
1715 1476 1820 1505 cum

560 1541 730 1581 magna
753 1529 910 1583 praeda
927 1531 1098 1572 reversi
1121 1536 1243 1573 sunt.

620 1676 743 1731 Capti
764 1682 859 1718 sunt
879 1677 992 1719 soom·
1012 1678 1136 1720 multi
1157 1679 1275 1735 apud
1293 1678 1518 1721 Dunbarre
1539 1680 1586 1721 in
1612 1679 1767 1720 Castro.

348 1796 506 1855 3533&
631 1788 804 1831 Eodem
850 1795 1056 1845 tempore
1102 1805 1204 1834 cum
1252 1806 1403 1835 comes
1451 1794 1698 1842 Patricius,
1744 1794 1823 1847 qui

348 1863 520 1922 ffigrgggffsfo
563 1854 819 1907 vulgariter
839 1856 1006 1899 dicitur
1031 1858 1210 1900 Counte
1230 1859 1287 1901 de
1310 1859 1356 1901 la
1382 1860 1588 1910 Marche,
1609 1864 1822 1913 potenter

563 1920 847 1975 fideliterque
899 1924 998 1976 regi
1053 1930 1211 1967 nostro
1268 1926 1503 1977 militaret,
1550 1939 1669 1967 uxor
1721 1925 1821 1980 ejus

563 1987 796 2028 comitissa
823 1988 871 2028 in
901 1995 1053 2031 castro
1083 2003 1167 2032 suo
1198 1991 1254 2032 de
1285 1985 1479 2033 Dunbar
1507 2005 1711 2042 manenS‚
1743 1992 1823 2033 do-

563 2052 762 2105 lumque,
783 2058 836 2094 ut
855 2053 1039 2106 dicitur,
1059 2061 1106 2097 et
1133 2057 1339 2098 fraudem
1363 2059 1651 2112 excogitans,
1674 2058 1824 2099 missis

563 2118 742 2159 nunciis
780 2118 838 2159 ad
878 2122 1130 2162 exercitum
1163 2123 1421 2174 Scotorum,
1454 2137 1532 2166 eos
1564 2137 1667 2166 cum
1704 2124 1826 2165 omni

565 2182 857 2225 festinatione
891 2188 1150 2237 accersivit,
1185 2189 1458 2242 promittens
1494 2203 1544 2231 se
1583 2190 1629 2231 in
1667 2203 1825 2231 eorum

567 2249 770 2290 adventu
813 2256 1014 2293 castrum
1059 2253 1353 2297 reddituram.
1438 2256 1553 2298 Erat
1595 2256 1713 2297 enim
1757 2256 1828 2297 vir

568 2327 677 2355 suus
699 2328 800 2356 cum
823 2330 931 2370 rege
961 2324 1118 2360 nostro
1142 2320 1362 2373 ignorans
1383 2322 1508 2364 talia.
1580 2322 1829 2363 Miserunt-

566 2393 655 2433 que
688 2381 814 2423 Scoti
843 2387 937 2424 tres
970 2385 1175 2436 comites,
1210 2391 1405 2440 quatuor
1434 2389 1645 2437 barones,
1677 2398 1826 2429 xxxl.

565 2446 748 2496 milites,
786 2461 888 2489 cum
926 2455 1108 2492 centum
1146 2453 1399 2506 armigeris,
1435 2459 1482 2494 et
1512 2466 1619 2494 mox
1660 2454 1706 2494 in
1749 2467 1822 2495 eo-

565 2524 663 2551 rum
700 2512 901 2555 adventu
933 2516 1184 2558 introducti
1212 2522 1335 2566 sunt,
1367 2519 1573 2572 expulsis
1607 2519 1746 2572 regiis
1778 2525 1826 2561 et

565 2578 834 2628 quibusdam
874 2594 1030 2623 eorum
1058 2583 1322 2625 interfectis.
1393 2584 1530 2636 Quod
1566 2598 1670 2626 cum
1704 2590 1826 2638 esset

564 2643 662 2694 regi
705 2651 863 2688 nostro
907 2648 1191 2699 nunciatum,
1233 2649 1471 2691 confestim
1518 2652 1656 2692 robur
1697 2665 1826 2693 exer-

562 2755 804 2834 bfflimsszn‘bley
822 2773 911 2802 upon
934 2764 990 2795 the
1012 2765 1120 2804 Tyne,
1139 2776 1159 2797 a
1181 2766 1400 2798 Benedictine
1420 2778 1567 2808 nunnery
1589 2770 1622 2800 iu
1642 2770 1826 2802 Northum-
