2038 3306
485 307 572 348 252
982 319 1260 350 cunomcor«

288 432 409 458 mma
427 433 453 459 1.
488 421 659 474 gladio,
682 420 881 476 fecitque
912 422 1056 464 multa
1085 423 1208 465 mala
1241 423 1289 465 in
1317 423 1488 478 populo
1522 424 1619 467 illo.
1689 425 1746 466 In

288 466 323 490 Α
334 466 368 491 ⁰
384 466 458 492 ¹³⁰⁷'
489 486 855 540 Quadragesima
873 501 982 529 vero
1002 494 1220 543 sequente
1236 490 1359 531 misit
1377 503 1406 531 a
1423 503 1472 532 se
1492 504 1595 532 cum
1615 497 1747 544 parte

270 562 393 588 Thomu
405 562 460 588 and
490 553 721 595 exercitus
743 553 815 595 sui
835 553 951 595 duos
983 553 1149 596 fratres
1170 567 1295 605 suoS‚
1319 554 1551 597 dominum
1572 557 1748 599 scilicet

270 596 430 621 Alexander

272 628 470 687 Brussoegged
488 619 711 660 Thomam
757 619 813 660 de
857 619 995 670 Brus,
1036 620 1116 674 qui
1158 619 1382 673 Anglicos
1424 634 1604 675 semper
1641 622 1747 664 odio

270 661 470 753 ἓξὲξᾪᾱ
488 684 725 735 habuerat,
746 690 792 727 et
816 685 1050 727 dominum
1076 684 1395 727 Alexandrum
1415 687 1645 737 clericum,
1663 688 1748 774 1qui

488 764 548 792 ex
579 751 829 804 improviso
861 763 888 792 a
921 751 1089 793 nostris
1121 752 1178 793 de
1212 758 1348 794 nocte
1378 754 1503 806 capti
1536 752 1678 804 sunt?
1700 759 1748 795 et

482 816 762 871 judicialiter
785 817 923 859 tracti
946 822 992 859 et
1006 817 1253 872 suspensi.²
1312 818 1574 872 Tenuitque
1596 831 1646 861 se
1664 832 1748 861 ex·-

487 887 597 924 tunc
618 895 766 924 novus
789 896 873 924 rex
896 883 944 924 in
967 885 1188 926 extremis
1207 884 1376 926 finibus
1399 890 1547 926 terrae.

502 1030 566 1072 De
585 1030 778 1072 Adventu
801 998 1096 1072 Cardinalimn
1115 1030 1161 1072 in
1180 1030 1382 1087 Anyliam
1395 1045 1478 1087 pro
1497 1031 1733 1088 Marituyio

1001 1096 1236 1152 Principis.

274 1217 446 1256 Parliarzxent
556 1208 614 1249 In
646 1209 805 1251 eadem
842 1208 1211 1263 Quadragesima
1239 1211 1389 1252 tenuit
1420 1209 1631 1252 dominus
1663 1223 1750 1252 rex

272 1254 302 1276 at
313 1251 436 1276 caxlxsle.

489 1272 672 1327 Angliae
715 1275 1068 1328 parliamentum
1109 1289 1241 1317 suum
1286 1276 1408 1330 apud
1463 1275 1750 1326 Carliolum,³

489 1340 687 1392 fecitque
707 1341 770 1381 ibi
792 1345 967 1383 statuta
986 1341 1214 1399 quaedam,
1235 1347 1282 1383 et
1297 1342 1527 1383 ordinavit
1548 1342 1604 1384 de
1621 1343 1746 1396 capi-

489 1405 588 1446 tulo
609 1405 781 1447 ordinis
804 1406 1170 1449 Cistercientium
1195 1413 1241 1449 et
1262 1408 1455 1449 aliorum
1481 1409 1748 1450 transmari-

490 1466 688 1521 norum,⁴
710 1477 757 1514 et
779 1472 836 1514 de
866 1473 1074 1514 custodia
1106 1473 1246 1526 sigilli
1273 1474 1534 1522 eorundem,
1555 1474 1674 1516 sicut
1701 1474 1749 1516 in

274 1547 392 1580 Apapal
489 1537 603 1590 ipsis
647 1538 835 1580 statutis
877 1539 1010 1592 plene
1052 1544 1196 1592 patet.
1266 1539 1501 1593 Venitque
1540 1540 1603 1581 ibi
1644 1553 1748 1582 cum

272 1581 364 1612 legate
375 1580 457 1606 visits

274 1614 444 1679 ffggggffleto
491 1615 659 1656 magno
692 1609 918 1658 apparatu
946 1604 1191 1645 cardinalis
1217 1603 1495 1658 Hispaniae,⁵
1525 1606 1693 1647 missus
1721 1619 1750 1648 a

273 1687 368 1712 peace.
489 1668 670 1710 domino
699 1682 822 1723 papa
840 1683 924 1723 pro
948 1670 1192 1723 maritagio
1215 1670 1296 1711 filii
1319 1671 1440 1723 regis
1471 1675 1483 1693 ‘
1501 1670 1685 1724 Angliae
1703 1671 1714 1688 '
1731 1666 1749 1694 ⁶

490 1747 594 1774 cum
630 1734 725 1775 filia
757 1736 879 1788 regis
914 1735 1122 1776 Franciae
1152 1735 1461 1790 adimplendo,
1496 1738 1745 1779 secundum

489 1800 816 1842 ordinationem
868 1802 999 1842 bonae
1052 1802 1281 1843 memoriae
1334 1802 1562 1855 quondam
1614 1816 1748 1857 papae

491 1865 735 1916 Bonifacii,
760 1867 839 1920 qui
861 1880 999 1921 super
1022 1867 1123 1917 hoc,
1144 1866 1394 1908 secundum
1416 1868 1538 1921 quod
1558 1868 1751 1922 praedic-

492 1935 590 1972 tum
611 1936 698 1981 est,
717 1939 892 1974 certum
923 1933 1227 1975 ordinaverat.
1281 1932 1517 1987 Factoque
1541 1947 1751 1976 sermone

491 2002 536 2038 et
556 1997 696 2051 longo
717 2002 919 2040 tractatu
949 2011 1086 2052 super
1119 1999 1289 2040 bonum
1313 1999 1456 2052 pacis,
1477 2000 1524 2040 in
1556 2000 1646 2041 fine
1678 2014 1750 2042 re-

492 2063 680 2105 vestivit
703 2076 752 2105 se
780 2069 826 2105 et
858 2064 1011 2106 caeteri
1038 2065 1241 2118 episcopi
1273 2065 1353 2118 qui
1384 2065 1592 2108 aderant.
1652 2065 1748 2108 Ac-

490 2130 731 2184 censisque
772 2130 973 2172 candelis
1015 2135 1062 2172 et
1098 2131 1294 2184 pulsatis
1333 2131 1584 2185 campanis,
1617 2132 1752 2174 terri-

540 2295 548 2314 ¹
572 2297 644 2329 The
669 2296 846 2329 Ohronicle
869 2296 908 2328 of
925 2297 1107 2328 Lanercost
1139 2296 1260 2328 moned
1274 2300 1309 2328 to
1323 2300 1410 2329 meet
1425 2307 1467 2329 on
1482 2297 1538 2329 the
1554 2298 1702 2330 Octaves
1717 2297 1755 2331 of

493 2353 572 2383 says
587 2343 660 2375 that
681 2343 806 2383 having
828 2343 973 2375 invaded
989 2342 1106 2375 Gallo·
1139 2343 1187 2374 St.
1204 2343 1327 2383 Hilary
1343 2342 1513 2385 (January
1527 2342 1587 2385 20)
1602 2345 1647 2384 by
1661 2345 1750 2386 writ,

492 2400 570 2429 way
595 2400 638 2421 on
666 2389 722 2421 the
755 2389 833 2421 loth
858 2389 895 2421 of
921 2389 1106 2429 February,
1138 2389 1240 2421 dated
1255 2392 1290 2420 at
1304 2389 1497 2430 Lanercost,
1512 2391 1703 2422 November
1717 2394 1751 2423 3.

494 2439 589 2476 1307,
609 2436 688 2476 they
702 2446 792 2467 were
813 2436 917 2467 taken
938 2436 1106 2475 prisoners
1185 2433 1198 2452 ⁴
1223 2435 1275 2475 By
1313 2435 1369 2467 the
1399 2437 1522 2467 second
1559 2437 1626 2468 and
1660 2437 1751 2468 third

493 2483 527 2513 in
543 2492 564 2513 a
579 2482 739 2514 skirmish
753 2482 837 2514 with
853 2482 993 2522 Dungal
1009 2482 1105 2513 Mac·
1138 2482 1271 2512 clauses
1286 2481 1323 2513 of
1335 2481 1391 2513 the
1406 2482 1537 2514 Statute
1547 2483 1586 2524 of
1596 2483 1752 2523 Carlisle,

492 2528 593 2568 doile,
609 2539 631 2560 a
645 2528 805 2560 chieftain
819 2528 858 2560 of
867 2528 939 2560 that
954 2531 1104 2567 country.
1138 2528 1166 2559 it
1176 2537 1248 2559 was
1264 2527 1360 2559 made
1375 2528 1491 2568 illegal
1505 2532 1539 2560 to
1555 2529 1638 2560 send
1653 2532 1751 2561 taxes

494 2574 618 2606 Chron.
634 2575 677 2606 de
693 2575 887 2615 Lmercost,
908 2584 943 2614 p.
957 2576 1035 2614 205,
1050 2574 1104 2606 ed.
1138 2583 1176 2605 or
1199 2573 1341 2614 tallages
1365 2574 1495 2613 beyond
1518 2584 1576 2606 sea
1598 2575 1751 2614 imposed

492 2620 687 2662 Stevenson‚
703 2623 800 2653 1839.
1139 2621 1184 2660 by
1209 2619 1298 2650 alien
1325 2620 1494 2659 superiore
1519 2630 1562 2652 on
1587 2621 1750 2661 religione

539 2665 553 2683 ²
573 2667 667 2707 They
683 2677 773 2699 were
788 2667 953 2699 executed
975 2676 1018 2698 on
1033 2666 1106 2698 Fri·
1138 2666 1262 2698 houses
1277 2666 1312 2696 in
1327 2665 1494 2706 England.

493 2712 573 2752 day,
593 2713 766 2754 February
784 2713 874 2746 1⁷th.
922 2712 1046 2745 chron.
1063 2713 1105 2745 de
1185 2711 1200 2730 ⁵
1221 2712 1334 2752 Peter,
1364 2712 1524 2743 Cardinal
1556 2712 1685 2754 Bishop
1717 2713 1755 2746 of

494 2758 685 2800 Lanercost‚
700 2770 734 2799 p.
750 2763 827 2793 205.
1140 2758 1189 2791 St.
1205 2758 1339 2790 Sabine.

538 2802 551 2821 ³
573 2805 655 2836 This
685 2806 886 2845 parliament
914 2815 987 2837 was
1017 2815 1107 2837 sum·
1184 2802 1199 2823 ⁶
1222 2804 1372 2837 Omitted
1387 2805 1422 2836 in
1438 2805 1511 2837 MS.
1530 2805 1656 2837 Lansd.
