<?xml version="1.0" encoding="UTF-8"?>
<!DOCTYPE html PUBLIC "-//W3C//DTD XHTML 1.0 Transitional//EN"
    "http://www.w3.org/TR/xhtml1/DTD/xhtml1-transitional.dtd">
<html xmlns="http://www.w3.org/1999/xhtml" xml:lang="en" lang="en">
 <head>
  <title>
</title>
<meta http-equiv="Content-Type" content="text/html;charset=utf-8" />
  <meta name='ocr-system' content='tesseract 3.04.00' />
  <meta name='ocr-capabilities' content='ocr_page ocr_carea ocr_par ocr_line ocrx_word'/>
</head>
<body>
  <div class='ocr_page' id='page_1' title='image "./chronicondominiw02hemiuoft/chronicondominiw02hemiuoft_0101.png"; bbox 0 0 1992 3202; ppageno 0'>
   <div class='ocr_carea' id='block_1_1' title="bbox 506 237 1514 281">
    <p class='ocr_par' dir='ltr' id='par_1_1' title="bbox 506 237 1514 281">
     <span class='ocr_line' id='line_1_1' title="bbox 506 237 1514 281; baseline 0.004 -5"><span class='ocrx_word' id='word_1_1' title='bbox 506 245 732 278; x_wconf 70' lang='lat' dir='ltr'><strong>WAlsrnm</strong></span> <span class='ocrx_word' id='word_1_2' title='bbox 765 247 828 277; x_wconf 87' lang='lat' dir='ltr'><strong>DE</strong></span> <span class='ocrx_word' id='word_1_3' title='bbox 859 248 1236 280; x_wconf 72' lang='lat' dir='ltr'><strong>Hssmmcnuncn.</strong></span> <span class='ocrx_word' id='word_1_4' title='bbox 1456 237 1514 281; x_wconf 82' lang='grc'><strong>87</strong></span> 
     </span>
    </p>
   </div>
   <div class='ocr_carea' id='block_1_2' title="bbox 729 418 1707 472">
    <p class='ocr_par' dir='ltr' id='par_1_2' title="bbox 729 418 1707 472">
     <span class='ocr_line' id='line_1_2' title="bbox 729 418 1707 472; baseline 0.014 -14"><span class='ocrx_word' id='word_1_5' title='bbox 729 421 742 439; x_wconf 94' lang='lat'>‘</span> <span class='ocrx_word' id='word_1_6' title='bbox 758 418 867 460; x_wconf 73' lang='lat' dir='ltr'><strong>Item</strong></span> <span class='ocrx_word' id='word_1_7' title='bbox 886 418 1024 461; x_wconf 72' lang='grc' dir='ltr'><strong>ειῖἰα.’1</strong></span> <span class='ocrx_word' id='word_1_8' title='bbox 1550 446 1671 472; x_wconf 70' lang='lat' dir='ltr'><strong>navata</strong></span> <span class='ocrx_word' id='word_1_9' title='bbox 1683 447 1707 472; x_wconf 89' lang='lat'><strong>1.</strong></span> 
     </span>
    </p>
   </div>
   <div class='ocr_carea' id='block_1_3' title="bbox 1545 479 1716 504">
    <p class='ocr_par' dir='ltr' id='par_1_3' title="bbox 1545 479 1716 504">
     <span class='ocr_line' id='line_1_3' title="bbox 1545 479 1716 504; baseline 0 0"><span class='ocrx_word' id='word_1_10' title='bbox 1545 479 1581 504; x_wconf 79' lang='lat' dir='ltr'><strong>A.</strong></span> <span class='ocrx_word' id='word_1_11' title='bbox 1592 479 1627 504; x_wconf 91' lang='lat' dir='ltr'><strong>D.</strong></span> <span class='ocrx_word' id='word_1_12' title='bbox 1639 480 1716 504; x_wconf 83' lang='lat'>129⁵.</span> 
     </span>
    </p>
   </div>
   <div class='ocr_carea' id='block_1_4' title="bbox 1528 514 1733 522">
    <p class='ocr_par' dir='ltr' id='par_1_4' title="bbox 1528 514 1733 522">
     <span class='ocr_line' id='line_1_4' title="bbox 1528 514 1733 522; baseline 0 2680"><span class='ocrx_word' id='word_1_13' title='bbox 1528 514 1733 522; x_wconf 95' lang='lat' dir='ltr'><strong> </strong></span> 
     </span>
    </p>
   </div>
   <div class='ocr_carea' id='block_1_5' title="bbox 245 546 1709 1131">
    <p class='ocr_par' dir='ltr' id='par_1_5' title="bbox 245 546 1709 1131">
     <span class='ocr_line' id='line_1_5' title="bbox 309 546 1639 604; baseline 0.001 -16"><span class='ocrx_word' id='word_1_14' title='bbox 309 546 572 589; x_wconf 74' lang='lat' dir='ltr'><strong>Universis²</strong></span> <span class='ocrx_word' id='word_1_15' title='bbox 620 553 706 590; x_wconf 88' lang='lat' dir='ltr'><strong>etc.</strong></span> <span class='ocrx_word' id='word_1_16' title='bbox 753 549 783 591; x_wconf 86' lang='lat' dir='ltr'><strong>J</strong></span> <span class='ocrx_word' id='word_1_17' title='bbox 788 549 1009 600; x_wconf 89' lang='lat' dir='ltr'><strong>ohannes,</strong></span> <span class='ocrx_word' id='word_1_18' title='bbox 1061 549 1152 592; x_wconf 91' lang='lat' dir='ltr'><strong>Dei</strong></span> <span class='ocrx_word' id='word_1_19' title='bbox 1204 549 1372 604; x_wconf 84' lang='lat' dir='ltr'><strong>gratia,</strong></span> <span class='ocrx_word' id='word_1_20' title='bbox 1423 553 1509 592; x_wconf 90' lang='lat' dir='ltr'><strong>etc.</strong></span> <span class='ocrx_word' id='word_1_21' title='bbox 1527 564 1639 590; x_wconf 64' lang='lat' dir='ltr'><strong>nette„</strong></span> 
     </span>
     <span class='ocr_line' id='line_1_6' title="bbox 250 599 1708 670; baseline 0.002 -17"><span class='ocrx_word' id='word_1_22' title='bbox 250 611 448 656; x_wconf 86' lang='lat' dir='ltr'><strong>Noverit</strong></span> <span class='ocrx_word' id='word_1_23' title='bbox 490 615 766 656; x_wconf 84' lang='lat' dir='ltr'><strong>universitas</strong></span> <span class='ocrx_word' id='word_1_24' title='bbox 821 620 977 658; x_wconf 87' lang='lat' dir='ltr'><strong>vestra</strong></span> <span class='ocrx_word' id='word_1_25' title='bbox 1023 616 1147 670; x_wconf 93' lang='lat' dir='ltr'><strong>quod</strong></span> <span class='ocrx_word' id='word_1_26' title='bbox 1200 629 1283 658; x_wconf 87' lang='lat' dir='ltr'><strong>nos</strong></span> <span class='ocrx_word' id='word_1_27' title='bbox 1331 620 1416 659; x_wconf 88' lang='lat' dir='ltr'><strong>etc.</strong></span> <span class='ocrx_word' id='word_1_28' title='bbox 1458 619 1511 657; x_wconf 91' lang='lat' dir='ltr'><strong>ut</strong></span> <span class='ocrx_word' id='word_1_29' title='bbox 1526 599 1708 656; x_wconf 52' lang='lat' dir='ltr'><strong>ssssfflffim</strong></span> 
     </span>
     <span class='ocr_line' id='line_1_7' title="bbox 246 664 1709 732; baseline 0.003 -13"><span class='ocrx_word' id='word_1_30' title='bbox 246 690 400 732; x_wconf 87' lang='lat' dir='ltr'><strong>supra.</strong></span> <span class='ocrx_word' id='word_1_31' title='bbox 478 681 657 723; x_wconf 91' lang='lat' dir='ltr'><strong>Dantes</strong></span> <span class='ocrx_word' id='word_1_32' title='bbox 706 681 877 723; x_wconf 89' lang='lat' dir='ltr'><strong>eisdem</strong></span> <span class='ocrx_word' id='word_1_33' title='bbox 933 683 1161 732; x_wconf 90' lang='lat' dir='ltr'><strong>omnibus,</strong></span> <span class='ocrx_word' id='word_1_34' title='bbox 1215 682 1376 732; x_wconf 82' lang='lat' dir='ltr'><strong>tribuS,</strong></span> <span class='ocrx_word' id='word_1_35' title='bbox 1431 687 1513 724; x_wconf 89' lang='lat' dir='ltr'><strong>aut</strong></span> <span class='ocrx_word' id='word_1_36' title='bbox 1529 664 1709 723; x_wconf 54' lang='grc' dir='ltr'><strong>ξέἒιῖἷῧῗᾱ</strong></span> 
     </span>
     <span class='ocr_line' id='line_1_8' title="bbox 247 744 1512 802; baseline 0.002 -16"><span class='ocrx_word' id='word_1_37' title='bbox 247 744 426 787; x_wconf 89' lang='lat' dir='ltr'><strong>duobus</strong></span> <span class='ocrx_word' id='word_1_38' title='bbox 461 759 520 788; x_wconf 85' lang='lat' dir='ltr'><strong>ex</strong></span> <span class='ocrx_word' id='word_1_39' title='bbox 556 747 685 800; x_wconf 88' lang='lat' dir='ltr'><strong>ipsis,</strong></span> <span class='ocrx_word' id='word_1_40' title='bbox 722 747 981 800; x_wconf 83' lang='lat' dir='ltr'><strong>generalem</strong></span> <span class='ocrx_word' id='word_1_41' title='bbox 1021 752 1067 789; x_wconf 89' lang='lat' dir='ltr'><strong>et</strong></span> <span class='ocrx_word' id='word_1_42' title='bbox 1103 748 1294 789; x_wconf 87' lang='lat' dir='ltr'><strong>liberam</strong></span> <span class='ocrx_word' id='word_1_43' title='bbox 1331 760 1385 790; x_wconf 90' lang='lat' dir='ltr'><strong>ac</strong></span> <span class='ocrx_word' id='word_1_44' title='bbox 1415 748 1512 802; x_wconf 87' lang='lat' dir='ltr'><strong>ple-</strong></span> 
     </span>
     <span class='ocr_line' id='line_1_9' title="bbox 247 811 1510 866; baseline 0.003 -15"><span class='ocrx_word' id='word_1_45' title='bbox 247 811 422 853; x_wconf 86' lang='lat' dir='ltr'><strong>nariam</strong></span> <span class='ocrx_word' id='word_1_46' title='bbox 485 817 763 866; x_wconf 91' lang='lat' dir='ltr'><strong>potestatem</strong></span> <span class='ocrx_word' id='word_1_47' title='bbox 818 813 1052 866; x_wconf 86' lang='lat' dir='ltr'><strong>obligandi</strong></span> <span class='ocrx_word' id='word_1_48' title='bbox 1110 826 1211 863; x_wconf 89' lang='lat' dir='ltr'><strong>nos,</strong></span> <span class='ocrx_word' id='word_1_49' title='bbox 1265 818 1312 855; x_wconf 92' lang='lat' dir='ltr'><strong>et</strong></span> <span class='ocrx_word' id='word_1_50' title='bbox 1365 814 1510 855; x_wconf 90' lang='lat' dir='ltr'><strong>filium</strong></span> 
     </span>
     <span class='ocr_line' id='line_1_10' title="bbox 247 878 1510 933; baseline 0.002 -15"><span class='ocrx_word' id='word_1_51' title='bbox 247 882 471 928; x_wconf 89' lang='lat' dir='ltr'><strong>nostrum,</strong></span> <span class='ocrx_word' id='word_1_52' title='bbox 502 884 548 920; x_wconf 91' lang='lat' dir='ltr'><strong>et</strong></span> <span class='ocrx_word' id='word_1_53' title='bbox 577 879 703 933; x_wconf 90' lang='lat' dir='ltr'><strong>ipsos</strong></span> <span class='ocrx_word' id='word_1_54' title='bbox 726 878 926 927; x_wconf 88' lang='lat' dir='ltr'><strong>incolas;</strong></span> <span class='ocrx_word' id='word_1_55' title='bbox 961 891 1015 919; x_wconf 86' lang='lat' dir='ltr'><strong>ac</strong></span> <span class='ocrx_word' id='word_1_56' title='bbox 1032 879 1222 933; x_wconf 88' lang='lat' dir='ltr'><strong>jurandi</strong></span> <span class='ocrx_word' id='word_1_57' title='bbox 1242 879 1288 920; x_wconf 93' lang='lat' dir='ltr'><strong>in</strong></span> <span class='ocrx_word' id='word_1_58' title='bbox 1312 880 1510 922; x_wconf 90' lang='lat' dir='ltr'><strong>animam</strong></span> 
     </span>
     <span class='ocr_line' id='line_1_11' title="bbox 247 943 1510 998; baseline 0.002 -15"><span class='ocrx_word' id='word_1_59' title='bbox 247 947 467 994; x_wconf 88' lang='lat' dir='ltr'><strong>nostram,</strong></span> <span class='ocrx_word' id='word_1_60' title='bbox 506 943 589 986; x_wconf 89' lang='lat' dir='ltr'><strong>filii</strong></span> <span class='ocrx_word' id='word_1_61' title='bbox 621 945 782 994; x_wconf 86' lang='lat' dir='ltr'><strong>nostri,</strong></span> <span class='ocrx_word' id='word_1_62' title='bbox 815 949 862 986; x_wconf 90' lang='lat' dir='ltr'><strong>et</strong></span> <span class='ocrx_word' id='word_1_63' title='bbox 898 945 1028 998; x_wconf 85' lang='lat' dir='ltr'><strong>regni</strong></span> <span class='ocrx_word' id='word_1_64' title='bbox 1060 945 1207 986; x_wconf 86' lang='lat' dir='ltr'><strong>nostri</strong></span> <span class='ocrx_word' id='word_1_65' title='bbox 1238 945 1510 995; x_wconf 88' lang='lat' dir='ltr'><strong>incolarum,</strong></span> 
     </span>
     <span class='ocr_line' id='line_1_12' title="bbox 245 1010 1512 1065; baseline 0.002 -16"><span class='ocrx_word' id='word_1_66' title='bbox 245 1021 423 1051; x_wconf 91' lang='lat' dir='ltr'><strong>necnon</strong></span> <span class='ocrx_word' id='word_1_67' title='bbox 459 1011 614 1052; x_wconf 90' lang='lat' dir='ltr'><strong>omnia</strong></span> <span class='ocrx_word' id='word_1_68' title='bbox 643 1015 690 1052; x_wconf 92' lang='lat' dir='ltr'><strong>et</strong></span> <span class='ocrx_word' id='word_1_69' title='bbox 720 1010 906 1064; x_wconf 85' lang='lat' dir='ltr'><strong>singula</strong></span> <span class='ocrx_word' id='word_1_70' title='bbox 940 1010 1138 1052; x_wconf 89' lang='lat' dir='ltr'><strong>faciendi</strong></span> <span class='ocrx_word' id='word_1_71' title='bbox 1158 1015 1205 1052; x_wconf 88' lang='lat' dir='ltr'><strong>et</strong></span> <span class='ocrx_word' id='word_1_72' title='bbox 1231 1010 1512 1065; x_wconf 90' lang='lat' dir='ltr'><strong>perficiendi,</strong></span> 
     </span>
     <span class='ocr_line' id='line_1_13' title="bbox 246 1075 1041 1131; baseline 0.003 -15"><span class='ocrx_word' id='word_1_73' title='bbox 246 1079 331 1116; x_wconf 90' lang='lat' dir='ltr'><strong>etc.</strong></span> <span class='ocrx_word' id='word_1_74' title='bbox 401 1080 414 1098; x_wconf 96' lang='lat'>‘</span> <span class='ocrx_word' id='word_1_75' title='bbox 434 1075 609 1118; x_wconf 89' lang='lat' dir='ltr'><strong>Datum</strong></span> <span class='ocrx_word' id='word_1_76' title='bbox 633 1077 706 1118; x_wconf 90' lang='lat' dir='ltr'><strong>die</strong></span> <span class='ocrx_word' id='word_1_77' title='bbox 726 1090 818 1131; x_wconf 91' lang='lat' dir='ltr'><strong>quo</strong></span> <span class='ocrx_word' id='word_1_78' title='bbox 838 1077 1010 1131; x_wconf 87' lang='lat' dir='ltr'><strong>supra.&#39;</strong></span> <span class='ocrx_word' id='word_1_79' title='bbox 1025 1075 1041 1098; x_wconf 83' lang='lat'>³</span> 
     </span>
    </p>
   </div>
   <div class='ocr_carea' id='block_1_6' title="bbox 232 1211 864 2781">
    <p class='ocr_par' dir='ltr' id='par_1_6' title="bbox 293 1211 804 1254">
     <span class='ocr_line' id='line_1_14' title="bbox 293 1211 804 1254; baseline 0.002 -10"><span class='ocrx_word' id='word_1_80' title='bbox 293 1211 302 1230; x_wconf 78' lang='lat'>¹</span> <span class='ocrx_word' id='word_1_81' title='bbox 326 1213 336 1230; x_wconf 92' lang='lat'>‘</span> <span class='ocrx_word' id='word_1_82' title='bbox 350 1213 434 1244; x_wconf 89' lang='lat' dir='ltr'><strong>Item</strong></span> <span class='ocrx_word' id='word_1_83' title='bbox 452 1211 571 1254; x_wconf 84' lang='lat' dir='ltr'><strong>aliud,&#39;</strong></span> <span class='ocrx_word' id='word_1_84' title='bbox 587 1214 663 1246; x_wconf 87' lang='lat' dir='ltr'><strong>MS.</strong></span> <span class='ocrx_word' id='word_1_85' title='bbox 679 1214 804 1246; x_wconf 86' lang='lat' dir='ltr'><strong>Lansd.</strong></span> 
     </span>
    </p>

    <p class='ocr_par' dir='ltr' id='par_1_7' title="bbox 242 1256 864 1623">
     <span class='ocr_line' id='line_1_15' title="bbox 294 1256 859 1292; baseline 0.002 -2"><span class='ocrx_word' id='word_1_86' title='bbox 294 1256 308 1276; x_wconf 77' lang='lat'>²</span> <span class='ocrx_word' id='word_1_87' title='bbox 328 1259 411 1291; x_wconf 84' lang='lat' dir='ltr'><strong>This</strong></span> <span class='ocrx_word' id='word_1_88' title='bbox 437 1261 585 1292; x_wconf 87' lang='lat' dir='ltr'><strong>abstract</strong></span> <span class='ocrx_word' id='word_1_89' title='bbox 609 1261 639 1292; x_wconf 91' lang='lat' dir='ltr'><strong>is</strong></span> <span class='ocrx_word' id='word_1_90' title='bbox 660 1260 706 1292; x_wconf 87' lang='lat' dir='ltr'><strong>all</strong></span> <span class='ocrx_word' id='word_1_91' title='bbox 733 1260 806 1292; x_wconf 85' lang='lat' dir='ltr'><strong>that</strong></span> <span class='ocrx_word' id='word_1_92' title='bbox 829 1261 859 1291; x_wconf 89' lang='lat' dir='ltr'><strong>is</strong></span> 
     </span>
     <span class='ocr_line' id='line_1_16' title="bbox 243 1305 860 1347; baseline 0.005 -12"><span class='ocrx_word' id='word_1_93' title='bbox 243 1305 342 1345; x_wconf 86' lang='lat' dir='ltr'><strong>given</strong></span> <span class='ocrx_word' id='word_1_94' title='bbox 374 1307 407 1336; x_wconf 92' lang='lat' dir='ltr'><strong>in</strong></span> <span class='ocrx_word' id='word_1_95' title='bbox 439 1306 727 1347; x_wconf 88' lang='lat' dir='ltr'><strong>Hemingburgh&#39;s</strong></span> <span class='ocrx_word' id='word_1_96' title='bbox 757 1307 860 1338; x_wconf 89' lang='lat' dir='ltr'>MSS.</span> 
     </span>
     <span class='ocr_line' id='line_1_17' title="bbox 244 1351 860 1392; baseline 0.003 -10"><span class='ocrx_word' id='word_1_97' title='bbox 244 1351 315 1383; x_wconf 88' lang='lat' dir='ltr'><strong>The</strong></span> <span class='ocrx_word' id='word_1_98' title='bbox 331 1352 495 1392; x_wconf 86' lang='lat' dir='ltr'><strong>complete</strong></span> <span class='ocrx_word' id='word_1_99' title='bbox 510 1353 594 1384; x_wconf 84' lang='lat' dir='ltr'><strong>form</strong></span> <span class='ocrx_word' id='word_1_100' title='bbox 609 1353 648 1384; x_wconf 86' lang='lat' dir='ltr'><strong>of</strong></span> <span class='ocrx_word' id='word_1_101' title='bbox 665 1353 721 1384; x_wconf 90' lang='lat' dir='ltr'><strong>the</strong></span> <span class='ocrx_word' id='word_1_102' title='bbox 737 1354 860 1385; x_wconf 87' lang='lat' dir='ltr'><strong>instru-</strong></span> 
     </span>
     <span class='ocr_line' id='line_1_18' title="bbox 245 1399 860 1438; baseline 0.003 -10"><span class='ocrx_word' id='word_1_103' title='bbox 245 1402 347 1438; x_wconf 92' lang='lat' dir='ltr'><strong>ment,</strong></span> <span class='ocrx_word' id='word_1_104' title='bbox 375 1399 489 1430; x_wconf 90' lang='lat' dir='ltr'><strong>which</strong></span> <span class='ocrx_word' id='word_1_105' title='bbox 519 1399 663 1438; x_wconf 83' lang='lat' dir='ltr'><strong>follows,</strong></span> <span class='ocrx_word' id='word_1_106' title='bbox 691 1400 722 1431; x_wconf 88' lang='lat' dir='ltr'><strong>is</strong></span> <span class='ocrx_word' id='word_1_107' title='bbox 756 1399 860 1431; x_wconf 83' lang='lat' dir='ltr'><strong>taken</strong></span> 
     </span>
     <span class='ocr_line' id='line_1_19' title="bbox 244 1444 859 1485; baseline 0.003 -11"><span class='ocrx_word' id='word_1_108' title='bbox 244 1444 327 1475; x_wconf 87' lang='lat' dir='ltr'><strong>from</strong></span> <span class='ocrx_word' id='word_1_109' title='bbox 355 1444 411 1476; x_wconf 87' lang='lat' dir='ltr'><strong>the</strong></span> <span class='ocrx_word' id='word_1_110' title='bbox 435 1448 689 1485; x_wconf 82' lang='lat' dir='ltr'><strong>contemporary</strong></span> <span class='ocrx_word' id='word_1_111' title='bbox 712 1455 798 1485; x_wconf 84' lang='lat' dir='ltr'><strong>copy</strong></span> <span class='ocrx_word' id='word_1_112' title='bbox 824 1446 859 1476; x_wconf 91' lang='lat' dir='ltr'><strong>in</strong></span> 
     </span>
     <span class='ocr_line' id='line_1_20' title="bbox 242 1490 864 1532; baseline 0.003 -11"><span class='ocrx_word' id='word_1_113' title='bbox 242 1490 298 1521; x_wconf 87' lang='lat' dir='ltr'><strong>the</strong></span> <span class='ocrx_word' id='word_1_114' title='bbox 325 1490 494 1531; x_wconf 83' lang='lat' dir='ltr'><strong>Treasury</strong></span> <span class='ocrx_word' id='word_1_115' title='bbox 518 1491 557 1522; x_wconf 89' lang='lat' dir='ltr'><strong>of</strong></span> <span class='ocrx_word' id='word_1_116' title='bbox 577 1490 633 1522; x_wconf 85' lang='lat' dir='ltr'><strong>the</strong></span> <span class='ocrx_word' id='word_1_117' title='bbox 660 1491 802 1532; x_wconf 85' lang='lat' dir='ltr'><strong>Receipt</strong></span> <span class='ocrx_word' id='word_1_118' title='bbox 826 1491 864 1523; x_wconf 85' lang='lat' dir='ltr'><strong>of</strong></span> 
     </span>
     <span class='ocr_line' id='line_1_21' title="bbox 243 1536 860 1578; baseline 0.003 -11"><span class='ocrx_word' id='word_1_119' title='bbox 243 1536 299 1567; x_wconf 89' lang='lat' dir='ltr'><strong>the</strong></span> <span class='ocrx_word' id='word_1_120' title='bbox 325 1537 538 1578; x_wconf 84' lang='lat' dir='ltr'><strong>Exchequer,</strong></span> <span class='ocrx_word' id='word_1_121' title='bbox 552 1537 699 1569; x_wconf 87' lang='lat' dir='ltr'><strong>referred</strong></span> <span class='ocrx_word' id='word_1_122' title='bbox 720 1540 755 1569; x_wconf 91' lang='lat' dir='ltr'><strong>to</strong></span> <span class='ocrx_word' id='word_1_123' title='bbox 774 1540 860 1578; x_wconf 64' lang='lat' dir='ltr'><strong>ante,</strong></span> 
     </span>
     <span class='ocr_line' id='line_1_22' title="bbox 244 1582 539 1623; baseline 0 -9"><span class='ocrx_word' id='word_1_124' title='bbox 244 1593 279 1622; x_wconf 88' lang='lat' dir='ltr'><strong>p.</strong></span> <span class='ocrx_word' id='word_1_125' title='bbox 295 1585 349 1623; x_wconf 81' lang='lat'><strong>⁷8,</strong></span> <span class='ocrx_word' id='word_1_126' title='bbox 365 1587 442 1614; x_wconf 88' lang='lat' dir='ltr'><strong>note</strong></span> <span class='ocrx_word' id='word_1_127' title='bbox 458 1582 469 1602; x_wconf 93' lang='lat'>¹</span> <span class='ocrx_word' id='word_1_128' title='bbox 482 1595 539 1615; x_wconf 88' lang='lat'><strong>:—</strong></span> 
     </span>
    </p>

    <p class='ocr_par' dir='ltr' id='par_1_8' title="bbox 232 1629 859 2781">
     <span class='ocr_line' id='line_1_23' title="bbox 289 1629 858 1670; baseline 0.002 -10"><span class='ocrx_word' id='word_1_129' title='bbox 289 1629 311 1646; x_wconf 89' lang='lat'><strong>“</strong></span> <span class='ocrx_word' id='word_1_130' title='bbox 324 1630 500 1662; x_wconf 85' lang='lat' dir='ltr'><strong>Universis</strong></span> <span class='ocrx_word' id='word_1_131' title='bbox 522 1633 707 1670; x_wconf 87' lang='lat' dir='ltr'><strong>praesentes</strong></span> <span class='ocrx_word' id='word_1_132' title='bbox 728 1630 858 1662; x_wconf 85' lang='lat' dir='ltr'><strong>litteras</strong></span> 
     </span>
     <span class='ocr_line' id='line_1_24' title="bbox 241 1676 859 1717; baseline 0.003 -11"><span class='ocrx_word' id='word_1_133' title='bbox 241 1676 443 1715; x_wconf 88' lang='lat' dir='ltr'><strong>inspecturis</strong></span> <span class='ocrx_word' id='word_1_134' title='bbox 459 1677 645 1716; x_wconf 87' lang='lat' dir='ltr'><strong>Johannes,</strong></span> <span class='ocrx_word' id='word_1_135' title='bbox 659 1677 727 1708; x_wconf 91' lang='lat' dir='ltr'><strong>Dei</strong></span> <span class='ocrx_word' id='word_1_136' title='bbox 749 1677 859 1717; x_wconf 85' lang='lat' dir='ltr'><strong>gratia</strong></span> 
     </span>
     <span class='ocr_line' id='line_1_25' title="bbox 241 1722 856 1762; baseline 0.007 -10"><span class='ocrx_word' id='word_1_137' title='bbox 241 1722 364 1754; x_wconf 83' lang='lat' dir='ltr'><strong>Scotiae</strong></span> <span class='ocrx_word' id='word_1_138' title='bbox 386 1733 459 1762; x_wconf 87' lang='lat' dir='ltr'><strong>rex,</strong></span> <span class='ocrx_word' id='word_1_139' title='bbox 474 1723 617 1755; x_wconf 86' lang='lat' dir='ltr'><strong>salutem</strong></span> <span class='ocrx_word' id='word_1_140' title='bbox 639 1723 674 1754; x_wconf 92' lang='lat' dir='ltr'><strong>in</strong></span> <span class='ocrx_word' id='word_1_141' title='bbox 698 1723 856 1756; x_wconf 92' lang='lat' dir='ltr'><strong>Domino.</strong></span> 
     </span>
     <span class='ocr_line' id='line_1_26' title="bbox 243 1769 857 1809; baseline 0.002 -10"><span class='ocrx_word' id='word_1_142' title='bbox 243 1769 385 1800; x_wconf 88' lang='lat' dir='ltr'><strong>Noverit</strong></span> <span class='ocrx_word' id='word_1_143' title='bbox 408 1770 610 1801; x_wconf 83' lang='lat' dir='ltr'><strong>universitas</strong></span> <span class='ocrx_word' id='word_1_144' title='bbox 632 1772 744 1801; x_wconf 86' lang='lat' dir='ltr'><strong>vestra</strong></span> <span class='ocrx_word' id='word_1_145' title='bbox 766 1770 857 1809; x_wconf 90' lang='lat' dir='ltr'><strong>quod</strong></span> 
     </span>
     <span class='ocr_line' id='line_1_27' title="bbox 241 1815 858 1856; baseline 0.002 -10"><span class='ocrx_word' id='word_1_146' title='bbox 241 1825 301 1846; x_wconf 89' lang='lat' dir='ltr'><strong>nos</strong></span> <span class='ocrx_word' id='word_1_147' title='bbox 317 1815 471 1856; x_wconf 85' lang='lat' dir='ltr'><strong>facimus,</strong></span> <span class='ocrx_word' id='word_1_148' title='bbox 486 1816 734 1856; x_wconf 87' lang='lat' dir='ltr'><strong>constituimus,</strong></span> <span class='ocrx_word' id='word_1_149' title='bbox 749 1818 783 1847; x_wconf 87' lang='lat' dir='ltr'><strong>et</strong></span> <span class='ocrx_word' id='word_1_150' title='bbox 806 1825 858 1847; x_wconf 89' lang='lat' dir='ltr'><strong>or-</strong></span> 
     </span>
     <span class='ocr_line' id='line_1_28' title="bbox 240 1861 856 1902; baseline 0.002 -10"><span class='ocrx_word' id='word_1_151' title='bbox 240 1861 398 1893; x_wconf 85' lang='lat' dir='ltr'><strong>dinamus</strong></span> <span class='ocrx_word' id='word_1_152' title='bbox 420 1872 481 1902; x_wconf 92' lang='lat' dir='ltr'><strong>per</strong></span> <span class='ocrx_word' id='word_1_153' title='bbox 504 1865 700 1902; x_wconf 84' lang='lat' dir='ltr'><strong>praesentes,</strong></span> <span class='ocrx_word' id='word_1_154' title='bbox 714 1862 856 1894; x_wconf 89' lang='lat' dir='ltr'><strong>dilectos</strong></span> 
     </span>
     <span class='ocr_line' id='line_1_29' title="bbox 241 1908 855 1948; baseline 0.002 -9"><span class='ocrx_word' id='word_1_155' title='bbox 241 1910 275 1939; x_wconf 89' lang='lat' dir='ltr'><strong>et</strong></span> <span class='ocrx_word' id='word_1_156' title='bbox 312 1908 428 1940; x_wconf 84' lang='lat' dir='ltr'><strong>fideles</strong></span> <span class='ocrx_word' id='word_1_157' title='bbox 466 1911 609 1948; x_wconf 89' lang='lat' dir='ltr'><strong>nostros,</strong></span> <span class='ocrx_word' id='word_1_158' title='bbox 647 1908 855 1941; x_wconf 86' lang='lat' dir='ltr'><strong>venerabiles</strong></span> 
     </span>
     <span class='ocr_line' id='line_1_30' title="bbox 241 1955 855 1996; baseline 0.002 -11"><span class='ocrx_word' id='word_1_159' title='bbox 241 1957 354 1993; x_wconf 88' lang='lat' dir='ltr'><strong>patres</strong></span> <span class='ocrx_word' id='word_1_160' title='bbox 363 1955 568 1986; x_wconf 89' lang='lat' dir='ltr'><strong>Willelmum</strong></span> <span class='ocrx_word' id='word_1_161' title='bbox 573 1955 686 1986; x_wconf 84' lang='lat' dir='ltr'><strong>Sancti</strong></span> <span class='ocrx_word' id='word_1_162' title='bbox 695 1955 855 1996; x_wconf 88' lang='lat' dir='ltr'><strong>Andreae,</strong></span> 
     </span>
     <span class='ocr_line' id='line_1_31' title="bbox 240 2001 854 2041; baseline 0.002 -10"><span class='ocrx_word' id='word_1_163' title='bbox 240 2003 274 2031; x_wconf 89' lang='lat' dir='ltr'><strong>et</strong></span> <span class='ocrx_word' id='word_1_164' title='bbox 289 2001 478 2032; x_wconf 88' lang='lat' dir='ltr'><strong>Mathaeum</strong></span> <span class='ocrx_word' id='word_1_165' title='bbox 491 2001 770 2033; x_wconf 89' lang='lat' dir='ltr'><strong>Dunkeldensem</strong></span> <span class='ocrx_word' id='word_1_166' title='bbox 782 2002 854 2041; x_wconf 88' lang='lat' dir='ltr'><strong>epi-</strong></span> 
     </span>
     <span class='ocr_line' id='line_1_32' title="bbox 240 2047 856 2087; baseline 0.003 -10"><span class='ocrx_word' id='word_1_167' title='bbox 240 2056 372 2087; x_wconf 88' lang='lat' dir='ltr'><strong>scopos,</strong></span> <span class='ocrx_word' id='word_1_168' title='bbox 383 2057 423 2078; x_wconf 80' lang='lat' dir='ltr'><strong>ac</strong></span> <span class='ocrx_word' id='word_1_169' title='bbox 438 2047 626 2079; x_wconf 80' lang='lat' dir='ltr'><strong>Johannem</strong></span> <span class='ocrx_word' id='word_1_170' title='bbox 635 2048 678 2078; x_wconf 92' lang='lat' dir='ltr'><strong>de</strong></span> <span class='ocrx_word' id='word_1_171' title='bbox 693 2047 808 2084; x_wconf 92' lang='lat' dir='ltr'><strong>Soule,</strong></span> <span class='ocrx_word' id='word_1_172' title='bbox 822 2051 856 2079; x_wconf 88' lang='lat' dir='ltr'><strong>et</strong></span> 
     </span>
     <span class='ocr_line' id='line_1_33' title="bbox 239 2093 854 2133; baseline 0.002 -10"><span class='ocrx_word' id='word_1_173' title='bbox 239 2093 455 2132; x_wconf 86' lang='lat' dir='ltr'><strong>Ingeramum</strong></span> <span class='ocrx_word' id='word_1_174' title='bbox 484 2094 526 2124; x_wconf 91' lang='lat' dir='ltr'><strong>de</strong></span> <span class='ocrx_word' id='word_1_175' title='bbox 558 2093 758 2133; x_wconf 79' lang='lat' dir='ltr'><strong>Umfranvyl</strong></span> <span class='ocrx_word' id='word_1_176' title='bbox 793 2094 854 2124; x_wconf 91' lang='lat' dir='ltr'><strong>mi-</strong></span> 
     </span>
     <span class='ocr_line' id='line_1_34' title="bbox 238 2139 853 2178; baseline 0.002 -9"><span class='ocrx_word' id='word_1_177' title='bbox 238 2139 327 2178; x_wconf 89' lang='lat' dir='ltr'><strong>lites,</strong></span> <span class='ocrx_word' id='word_1_178' title='bbox 342 2142 524 2170; x_wconf 77' lang='lat' dir='ltr'><strong>attor-natos</strong></span> <span class='ocrx_word' id='word_1_179' title='bbox 539 2143 680 2178; x_wconf 85' lang='lat' dir='ltr'><strong>nostros,</strong></span> <span class='ocrx_word' id='word_1_180' title='bbox 694 2149 853 2178; x_wconf 89' lang='lat' dir='ltr'><strong>procura-</strong></span> 
     </span>
     <span class='ocr_line' id='line_1_35' title="bbox 237 2185 853 2224; baseline 0.002 -9"><span class='ocrx_word' id='word_1_181' title='bbox 237 2188 338 2224; x_wconf 85' lang='lat' dir='ltr'><strong>tores,</strong></span> <span class='ocrx_word' id='word_1_182' title='bbox 369 2188 402 2216; x_wconf 89' lang='lat' dir='ltr'><strong>et</strong></span> <span class='ocrx_word' id='word_1_183' title='bbox 430 2186 571 2216; x_wconf 81' lang='lat' dir='ltr'><strong>nuncios</strong></span> <span class='ocrx_word' id='word_1_184' title='bbox 599 2185 779 2224; x_wconf 83' lang='lat' dir='ltr'><strong>speciales,</strong></span> <span class='ocrx_word' id='word_1_185' title='bbox 809 2186 853 2216; x_wconf 85' lang='lat' dir='ltr'><strong>ad</strong></span> 
     </span>
     <span class='ocr_line' id='line_1_36' title="bbox 237 2230 853 2271; baseline 0.002 -10"><span class='ocrx_word' id='word_1_186' title='bbox 237 2231 461 2271; x_wconf 82' lang='lat' dir='ltr'><strong>tractandum,</strong></span> <span class='ocrx_word' id='word_1_187' title='bbox 480 2231 715 2271; x_wconf 87' lang='lat' dir='ltr'><strong>ordinandum,</strong></span> <span class='ocrx_word' id='word_1_188' title='bbox 729 2230 853 2262; x_wconf 82' lang='lat' dir='ltr'><strong>facien-</strong></span> 
     </span>
     <span class='ocr_line' id='line_1_37' title="bbox 237 2277 854 2317; baseline 0.002 -9"><span class='ocrx_word' id='word_1_189' title='bbox 237 2277 330 2316; x_wconf 90' lang='lat' dir='ltr'><strong>dum,</strong></span> <span class='ocrx_word' id='word_1_190' title='bbox 357 2280 390 2308; x_wconf 92' lang='lat' dir='ltr'><strong>et</strong></span> <span class='ocrx_word' id='word_1_191' title='bbox 419 2277 657 2317; x_wconf 87' lang='lat' dir='ltr'><strong>perficiendum</strong></span> <span class='ocrx_word' id='word_1_192' title='bbox 686 2278 798 2308; x_wconf 90' lang='lat' dir='ltr'><strong>omnia</strong></span> <span class='ocrx_word' id='word_1_193' title='bbox 820 2281 854 2309; x_wconf 89' lang='lat' dir='ltr'><strong>et</strong></span> 
     </span>
     <span class='ocr_line' id='line_1_38' title="bbox 237 2323 851 2364; baseline 0 -10"><span class='ocrx_word' id='word_1_194' title='bbox 237 2323 372 2363; x_wconf 89' lang='lat' dir='ltr'><strong>singula</strong></span> <span class='ocrx_word' id='word_1_195' title='bbox 394 2324 541 2364; x_wconf 84' lang='lat' dir='ltr'><strong>negotia,</strong></span> <span class='ocrx_word' id='word_1_196' title='bbox 555 2332 628 2363; x_wconf 85' lang='lat' dir='ltr'><strong>nos,</strong></span> <span class='ocrx_word' id='word_1_197' title='bbox 644 2323 851 2355; x_wconf 87' lang='lat' dir='ltr'><strong>Edwardum</strong></span> 
     </span>
     <span class='ocr_line' id='line_1_39' title="bbox 235 2369 853 2410; baseline 0.002 -10"><span class='ocrx_word' id='word_1_198' title='bbox 235 2369 340 2400; x_wconf 86' lang='lat' dir='ltr'><strong>filium</strong></span> <span class='ocrx_word' id='word_1_199' title='bbox 363 2372 512 2401; x_wconf 90' lang='lat' dir='ltr'><strong>nostrum</strong></span> <span class='ocrx_word' id='word_1_200' title='bbox 537 2370 794 2410; x_wconf 88' lang='lat' dir='ltr'><strong>primogenitum</strong></span> <span class='ocrx_word' id='word_1_201' title='bbox 819 2373 853 2401; x_wconf 87' lang='lat' dir='ltr'><strong>et</strong></span> 
     </span>
     <span class='ocr_line' id='line_1_40' title="bbox 234 2415 852 2456; baseline 0.002 -10"><span class='ocrx_word' id='word_1_202' title='bbox 234 2415 400 2447; x_wconf 88' lang='lat' dir='ltr'><strong>haeredem</strong></span> <span class='ocrx_word' id='word_1_203' title='bbox 418 2416 511 2456; x_wconf 90' lang='lat' dir='ltr'><strong>regni</strong></span> <span class='ocrx_word' id='word_1_204' title='bbox 535 2417 653 2455; x_wconf 86' lang='lat' dir='ltr'><strong>nostri,</strong></span> <span class='ocrx_word' id='word_1_205' title='bbox 667 2419 701 2447; x_wconf 91' lang='lat' dir='ltr'><strong>et</strong></span> <span class='ocrx_word' id='word_1_206' title='bbox 723 2416 852 2447; x_wconf 87' lang='lat' dir='ltr'><strong>incolas</strong></span> 
     </span>
     <span class='ocr_line' id='line_1_41' title="bbox 235 2462 850 2502; baseline 0 -9"><span class='ocrx_word' id='word_1_207' title='bbox 235 2462 328 2502; x_wconf 82' lang='lat' dir='ltr'><strong>regni</strong></span> <span class='ocrx_word' id='word_1_208' title='bbox 351 2463 469 2502; x_wconf 86' lang='lat' dir='ltr'><strong>nostri,</strong></span> <span class='ocrx_word' id='word_1_209' title='bbox 482 2462 761 2502; x_wconf 87' lang='lat' dir='ltr'><strong>qualitercunque</strong></span> <span class='ocrx_word' id='word_1_210' title='bbox 777 2466 850 2493; x_wconf 86' lang='lat' dir='ltr'><strong>tan-</strong></span> 
     </span>
     <span class='ocr_line' id='line_1_42' title="bbox 235 2508 850 2548; baseline -0.002 -8"><span class='ocrx_word' id='word_1_211' title='bbox 235 2509 348 2548; x_wconf 84' lang='lat' dir='ltr'><strong>gentia</strong></span> <span class='ocrx_word' id='word_1_212' title='bbox 377 2512 411 2539; x_wconf 91' lang='lat' dir='ltr'><strong>et</strong></span> <span class='ocrx_word' id='word_1_213' title='bbox 445 2509 640 2548; x_wconf 90' lang='lat' dir='ltr'><strong>ubicunque</strong></span> <span class='ocrx_word' id='word_1_214' title='bbox 676 2508 711 2539; x_wconf 86' lang='lat' dir='ltr'><strong>in</strong></span> <span class='ocrx_word' id='word_1_215' title='bbox 747 2518 850 2548; x_wconf 88' lang='lat' dir='ltr'><strong>regno</strong></span> 
     </span>
     <span class='ocr_line' id='line_1_43' title="bbox 234 2554 850 2594; baseline 0.003 -10"><span class='ocrx_word' id='word_1_216' title='bbox 234 2554 400 2594; x_wconf 84' lang='lat' dir='ltr'><strong>Franciae,</strong></span> <span class='ocrx_word' id='word_1_217' title='bbox 410 2564 487 2586; x_wconf 88' lang='lat' dir='ltr'><strong>cum</strong></span> <span class='ocrx_word' id='word_1_218' title='bbox 502 2555 760 2594; x_wconf 81' lang='lat' dir='ltr'><strong>quibuscunque</strong></span> <span class='ocrx_word' id='word_1_219' title='bbox 775 2564 850 2594; x_wconf 82' lang='lat' dir='ltr'><strong>per-</strong></span> 
     </span>
     <span class='ocr_line' id='line_1_44' title="bbox 233 2601 848 2640; baseline 0 -9"><span class='ocrx_word' id='word_1_220' title='bbox 233 2601 336 2640; x_wconf 86' lang='lat' dir='ltr'><strong>sonis,</strong></span> <span class='ocrx_word' id='word_1_221' title='bbox 361 2601 601 2632; x_wconf 87' lang='lat' dir='ltr'><strong>ecclesiasticis</strong></span> <span class='ocrx_word' id='word_1_222' title='bbox 626 2603 660 2632; x_wconf 91' lang='lat' dir='ltr'><strong>et</strong></span> <span class='ocrx_word' id='word_1_223' title='bbox 688 2601 848 2632; x_wconf 88' lang='lat' dir='ltr'><strong>seculari-</strong></span> 
     </span>
     <span class='ocr_line' id='line_1_45' title="bbox 234 2646 848 2687; baseline 0 -9"><span class='ocrx_word' id='word_1_224' title='bbox 234 2646 309 2686; x_wconf 87' lang='lat' dir='ltr'><strong>bus,</strong></span> <span class='ocrx_word' id='word_1_225' title='bbox 357 2648 601 2687; x_wconf 84' lang='lat' dir='ltr'><strong>cujuscumque</strong></span> <span class='ocrx_word' id='word_1_226' title='bbox 648 2647 848 2678; x_wconf 88' lang='lat' dir='ltr'><strong>conditionis</strong></span> 
     </span>
     <span class='ocr_line' id='line_1_46' title="bbox 233 2693 848 2725; baseline 0.002 -2"><span class='ocrx_word' id='word_1_227' title='bbox 233 2693 379 2724; x_wconf 78' lang='lat' dir='ltr'><strong>existant</strong></span> <span class='ocrx_word' id='word_1_228' title='bbox 395 2696 454 2724; x_wconf 84' lang='lat' dir='ltr'><strong>aut</strong></span> <span class='ocrx_word' id='word_1_229' title='bbox 469 2697 590 2725; x_wconf 85' lang='lat' dir='ltr'><strong>status.</strong></span> <span class='ocrx_word' id='word_1_230' title='bbox 638 2693 769 2724; x_wconf 82' lang='lat' dir='ltr'><strong>Dantes</strong></span> <span class='ocrx_word' id='word_1_231' title='bbox 785 2694 848 2724; x_wconf 87' lang='lat' dir='ltr'><strong>eis-</strong></span> 
     </span>
     <span class='ocr_line' id='line_1_47' title="bbox 232 2738 848 2781; baseline 0.002 -12"><span class='ocrx_word' id='word_1_232' title='bbox 232 2738 307 2770; x_wconf 88' lang='lat' dir='ltr'><strong>dem</strong></span> <span class='ocrx_word' id='word_1_233' title='bbox 323 2740 490 2781; x_wconf 85' lang='lat' dir='ltr'><strong>omnibus,</strong></span> <span class='ocrx_word' id='word_1_234' title='bbox 505 2739 625 2779; x_wconf 86' lang='lat' dir='ltr'><strong>tribus,</strong></span> <span class='ocrx_word' id='word_1_235' title='bbox 641 2742 700 2771; x_wconf 87' lang='lat' dir='ltr'><strong>aut</strong></span> <span class='ocrx_word' id='word_1_236' title='bbox 715 2739 848 2771; x_wconf 89' lang='lat' dir='ltr'><strong>duobus</strong></span> 
     </span>
    </p>
   </div>
   <div class='ocr_carea' id='block_1_7' title="bbox 881 1214 1511 2777">
    <p class='ocr_par' dir='ltr' id='par_1_9' title="bbox 882 1214 1511 2593">
     <span class='ocr_line' id='line_1_48' title="bbox 892 1214 1509 1254; baseline 0.005 -10"><span class='ocrx_word' id='word_1_237' title='bbox 892 1223 935 1245; x_wconf 86' lang='lat' dir='ltr'><strong>ex</strong></span> <span class='ocrx_word' id='word_1_238' title='bbox 951 1214 1048 1254; x_wconf 89' lang='lat' dir='ltr'><strong>ipsis,</strong></span> <span class='ocrx_word' id='word_1_239' title='bbox 1064 1214 1251 1254; x_wconf 86' lang='lat' dir='ltr'><strong>generalem</strong></span> <span class='ocrx_word' id='word_1_240' title='bbox 1265 1216 1299 1246; x_wconf 89' lang='lat' dir='ltr'><strong>et</strong></span> <span class='ocrx_word' id='word_1_241' title='bbox 1311 1215 1452 1246; x_wconf 90' lang='lat' dir='ltr'><strong>liberam</strong></span> <span class='ocrx_word' id='word_1_242' title='bbox 1468 1225 1509 1247; x_wconf 88' lang='lat' dir='ltr'><strong>ac</strong></span> 
     </span>
     <span class='ocr_line' id='line_1_49' title="bbox 892 1260 1511 1301; baseline 0.002 -10"><span class='ocrx_word' id='word_1_243' title='bbox 892 1260 1077 1300; x_wconf 87' lang='lat' dir='ltr'><strong>plenariam</strong></span> <span class='ocrx_word' id='word_1_244' title='bbox 1106 1263 1303 1300; x_wconf 85' lang='lat' dir='ltr'><strong>potestatem</strong></span> <span class='ocrx_word' id='word_1_245' title='bbox 1337 1261 1511 1301; x_wconf 86' lang='lat' dir='ltr'><strong>obligandi</strong></span> 
     </span>
     <span class='ocr_line' id='line_1_50' title="bbox 892 1307 1511 1348; baseline 0.003 -11"><span class='ocrx_word' id='word_1_246' title='bbox 892 1315 965 1346; x_wconf 90' lang='lat' dir='ltr'><strong>nos,</strong></span> <span class='ocrx_word' id='word_1_247' title='bbox 974 1310 1007 1338; x_wconf 89' lang='lat' dir='ltr'><strong>et</strong></span> <span class='ocrx_word' id='word_1_248' title='bbox 1017 1307 1122 1338; x_wconf 89' lang='lat' dir='ltr'><strong>filium</strong></span> <span class='ocrx_word' id='word_1_249' title='bbox 1134 1310 1283 1338; x_wconf 84' lang='lat' dir='ltr'><strong>nostrum</strong></span> <span class='ocrx_word' id='word_1_250' title='bbox 1294 1307 1511 1348; x_wconf 78' lang='lat' dir='ltr'><strong>praedictum,</strong></span> 
     </span>
     <span class='ocr_line' id='line_1_51' title="bbox 892 1354 1508 1393; baseline 0 -9"><span class='ocrx_word' id='word_1_251' title='bbox 892 1362 1031 1393; x_wconf 82' lang='lat' dir='ltr'><strong>regnum</strong></span> <span class='ocrx_word' id='word_1_252' title='bbox 1061 1356 1224 1392; x_wconf 90' lang='lat' dir='ltr'><strong>nostrum,</strong></span> <span class='ocrx_word' id='word_1_253' title='bbox 1253 1356 1287 1384; x_wconf 88' lang='lat' dir='ltr'><strong>et</strong></span> <span class='ocrx_word' id='word_1_254' title='bbox 1318 1354 1427 1393; x_wconf 87' lang='lat' dir='ltr'><strong>ipsius</strong></span> <span class='ocrx_word' id='word_1_255' title='bbox 1456 1354 1508 1384; x_wconf 87' lang='lat' dir='ltr'><strong>in-</strong></span> 
     </span>
     <span class='ocr_line' id='line_1_52' title="bbox 892 1399 1507 1439; baseline 0.003 -10"><span class='ocrx_word' id='word_1_256' title='bbox 892 1399 1004 1438; x_wconf 88' lang='lat' dir='ltr'><strong>colas;</strong></span> <span class='ocrx_word' id='word_1_257' title='bbox 1037 1409 1077 1430; x_wconf 87' lang='lat' dir='ltr'><strong>ac</strong></span> <span class='ocrx_word' id='word_1_258' title='bbox 1109 1399 1250 1439; x_wconf 89' lang='lat' dir='ltr'><strong>jurandi</strong></span> <span class='ocrx_word' id='word_1_259' title='bbox 1286 1399 1323 1430; x_wconf 91' lang='lat' dir='ltr'><strong>in</strong></span> <span class='ocrx_word' id='word_1_260' title='bbox 1361 1400 1507 1431; x_wconf 87' lang='lat' dir='ltr'><strong>animam</strong></span> 
     </span>
     <span class='ocr_line' id='line_1_53' title="bbox 892 1446 1506 1486; baseline 0.002 -10"><span class='ocrx_word' id='word_1_261' title='bbox 892 1448 1051 1485; x_wconf 89' lang='lat' dir='ltr'><strong>nostram,</strong></span> <span class='ocrx_word' id='word_1_262' title='bbox 1088 1446 1150 1476; x_wconf 88' lang='lat' dir='ltr'><strong>filii</strong></span> <span class='ocrx_word' id='word_1_263' title='bbox 1187 1446 1304 1486; x_wconf 85' lang='lat' dir='ltr'><strong>nostri,</strong></span> <span class='ocrx_word' id='word_1_264' title='bbox 1342 1448 1376 1477; x_wconf 88' lang='lat' dir='ltr'><strong>et</strong></span> <span class='ocrx_word' id='word_1_265' title='bbox 1411 1447 1506 1486; x_wconf 85' lang='lat' dir='ltr'><strong>regni</strong></span> 
     </span>
     <span class='ocr_line' id='line_1_54' title="bbox 891 1491 1508 1530; baseline 0.003 -8"><span class='ocrx_word' id='word_1_266' title='bbox 891 1492 995 1522; x_wconf 89' lang='lat' dir='ltr'><strong>nostri</strong></span> <span class='ocrx_word' id='word_1_267' title='bbox 1017 1491 1222 1530; x_wconf 79' lang='lat' dir='ltr'><strong>incolarum3</strong></span> <span class='ocrx_word' id='word_1_268' title='bbox 1246 1501 1374 1523; x_wconf 88' lang='lat' dir='ltr'><strong>necnon</strong></span> <span class='ocrx_word' id='word_1_269' title='bbox 1395 1493 1508 1524; x_wconf 83' lang='lat' dir='ltr'><strong>omnia</strong></span> 
     </span>
     <span class='ocr_line' id='line_1_55' title="bbox 891 1537 1508 1578; baseline 0.002 -10"><span class='ocrx_word' id='word_1_270' title='bbox 891 1540 925 1568; x_wconf 89' lang='lat' dir='ltr'><strong>et</strong></span> <span class='ocrx_word' id='word_1_271' title='bbox 941 1538 1076 1578; x_wconf 87' lang='lat' dir='ltr'><strong>singula</strong></span> <span class='ocrx_word' id='word_1_272' title='bbox 1089 1537 1236 1569; x_wconf 87' lang='lat' dir='ltr'><strong>faciendi</strong></span> <span class='ocrx_word' id='word_1_273' title='bbox 1252 1540 1286 1569; x_wconf 91' lang='lat' dir='ltr'><strong>et</strong></span> <span class='ocrx_word' id='word_1_274' title='bbox 1300 1539 1508 1578; x_wconf 86' lang='lat' dir='ltr'><strong>perficiendi,</strong></span> 
     </span>
     <span class='ocr_line' id='line_1_56' title="bbox 892 1584 1508 1623; baseline 0.002 -8"><span class='ocrx_word' id='word_1_275' title='bbox 892 1593 970 1623; x_wconf 88' lang='lat' dir='ltr'><strong>quae</strong></span> <span class='ocrx_word' id='word_1_276' title='bbox 1000 1584 1045 1615; x_wconf 85' lang='lat' dir='ltr'><strong>ad</strong></span> <span class='ocrx_word' id='word_1_277' title='bbox 1074 1584 1256 1623; x_wconf 77' lang='lat' dir='ltr'><strong>praedictos</strong></span> <span class='ocrx_word' id='word_1_278' title='bbox 1285 1586 1451 1616; x_wconf 85' lang='lat' dir='ltr'><strong>tractatus</strong></span> <span class='ocrx_word' id='word_1_279' title='bbox 1475 1588 1508 1616; x_wconf 88' lang='lat' dir='ltr'><strong>et</strong></span> 
     </span>
     <span class='ocr_line' id='line_1_57' title="bbox 891 1630 1511 1670; baseline 0.002 -9"><span class='ocrx_word' id='word_1_280' title='bbox 891 1630 1118 1662; x_wconf 86' lang='lat' dir='ltr'><strong>ordinationes</strong></span> <span class='ocrx_word' id='word_1_281' title='bbox 1131 1633 1164 1662; x_wconf 91' lang='lat' dir='ltr'><strong>et</strong></span> <span class='ocrx_word' id='word_1_282' title='bbox 1173 1630 1307 1670; x_wconf 85' lang='lat' dir='ltr'><strong>negotia</strong></span> <span class='ocrx_word' id='word_1_283' title='bbox 1318 1632 1511 1662; x_wconf 85' lang='lat' dir='ltr'><strong>necessaria</strong></span> 
     </span>
     <span class='ocr_line' id='line_1_58' title="bbox 891 1676 1510 1716; baseline 0.002 -9"><span class='ocrx_word' id='word_1_284' title='bbox 891 1676 1016 1708; x_wconf 88' lang='lat' dir='ltr'><strong>fuerint</strong></span> <span class='ocrx_word' id='word_1_285' title='bbox 1043 1676 1099 1708; x_wconf 83' lang='lat' dir='ltr'><strong>vel</strong></span> <span class='ocrx_word' id='word_1_286' title='bbox 1128 1679 1338 1716; x_wconf 79' lang='lat' dir='ltr'><strong>opportuna3</strong></span> <span class='ocrx_word' id='word_1_287' title='bbox 1376 1680 1410 1708; x_wconf 90' lang='lat' dir='ltr'><strong>et</strong></span> <span class='ocrx_word' id='word_1_288' title='bbox 1439 1677 1510 1709; x_wconf 86' lang='lat' dir='ltr'><strong>alia</strong></span> 
     </span>
     <span class='ocr_line' id='line_1_59' title="bbox 891 1722 1509 1763; baseline 0 -9"><span class='ocrx_word' id='word_1_289' title='bbox 891 1723 991 1754; x_wconf 88' lang='lat' dir='ltr'><strong>etiam</strong></span> <span class='ocrx_word' id='word_1_290' title='bbox 1008 1725 1042 1754; x_wconf 89' lang='lat' dir='ltr'><strong>et</strong></span> <span class='ocrx_word' id='word_1_291' title='bbox 1065 1723 1201 1763; x_wconf 83' lang='lat' dir='ltr'><strong>singula</strong></span> <span class='ocrx_word' id='word_1_292' title='bbox 1222 1722 1370 1754; x_wconf 87' lang='lat' dir='ltr'><strong>faciendi</strong></span> <span class='ocrx_word' id='word_1_293' title='bbox 1385 1726 1419 1754; x_wconf 88' lang='lat' dir='ltr'><strong>et</strong></span> <span class='ocrx_word' id='word_1_294' title='bbox 1433 1733 1509 1763; x_wconf 89' lang='lat' dir='ltr'><strong>per-</strong></span> 
     </span>
     <span class='ocr_line' id='line_1_60' title="bbox 890 1769 1508 1810; baseline 0.002 -10"><span class='ocrx_word' id='word_1_295' title='bbox 890 1769 1037 1810; x_wconf 89' lang='lat' dir='ltr'><strong>ficiendi,</strong></span> <span class='ocrx_word' id='word_1_296' title='bbox 1049 1779 1126 1809; x_wconf 89' lang='lat' dir='ltr'><strong>quae</strong></span> <span class='ocrx_word' id='word_1_297' title='bbox 1141 1778 1215 1808; x_wconf 89' lang='lat' dir='ltr'><strong>nos,</strong></span> <span class='ocrx_word' id='word_1_298' title='bbox 1230 1769 1320 1800; x_wconf 86' lang='lat' dir='ltr'><strong>filius</strong></span> <span class='ocrx_word' id='word_1_299' title='bbox 1335 1773 1459 1810; x_wconf 85' lang='lat' dir='ltr'><strong>noster,</strong></span> <span class='ocrx_word' id='word_1_300' title='bbox 1474 1773 1508 1801; x_wconf 91' lang='lat' dir='ltr'><strong>et</strong></span> 
     </span>
     <span class='ocr_line' id='line_1_61' title="bbox 890 1815 1507 1855; baseline 0.002 -9"><span class='ocrx_word' id='word_1_301' title='bbox 890 1815 1009 1847; x_wconf 89' lang='lat' dir='ltr'><strong>incolae</strong></span> <span class='ocrx_word' id='word_1_302' title='bbox 1024 1816 1118 1855; x_wconf 88' lang='lat' dir='ltr'><strong>regni</strong></span> <span class='ocrx_word' id='word_1_303' title='bbox 1132 1816 1249 1855; x_wconf 84' lang='lat' dir='ltr'><strong>nostri,</strong></span> <span class='ocrx_word' id='word_1_304' title='bbox 1263 1815 1376 1846; x_wconf 86' lang='lat' dir='ltr'><strong>facere</strong></span> <span class='ocrx_word' id='word_1_305' title='bbox 1391 1825 1507 1855; x_wconf 88' lang='lat' dir='ltr'><strong>posse-</strong></span> 
     </span>
     <span class='ocr_line' id='line_1_62' title="bbox 889 1862 1508 1902; baseline 0.002 -10"><span class='ocrx_word' id='word_1_306' title='bbox 889 1871 964 1893; x_wconf 81' lang='lat' dir='ltr'><strong>mus</strong></span> <span class='ocrx_word' id='word_1_307' title='bbox 976 1862 1005 1893; x_wconf 88' lang='lat' dir='ltr'><strong>si</strong></span> <span class='ocrx_word' id='word_1_308' title='bbox 1014 1865 1367 1902; x_wconf 82' lang='lat' dir='ltr'><strong>praesentesessemus,</strong></span> <span class='ocrx_word' id='word_1_309' title='bbox 1374 1862 1508 1893; x_wconf 88' lang='lat' dir='ltr'><strong>etiamsi</strong></span> 
     </span>
     <span class='ocr_line' id='line_1_63' title="bbox 888 1908 1506 1948; baseline 0.002 -9"><span class='ocrx_word' id='word_1_310' title='bbox 888 1908 1083 1939; x_wconf 87' lang='lat' dir='ltr'><strong>mandatum</strong></span> <span class='ocrx_word' id='word_1_311' title='bbox 1093 1908 1232 1948; x_wconf 81' lang='lat' dir='ltr'><strong>exigant</strong></span> <span class='ocrx_word' id='word_1_312' title='bbox 1246 1908 1407 1948; x_wconf 78' lang='lat' dir='ltr'><strong>speciale.</strong></span> <span class='ocrx_word' id='word_1_313' title='bbox 1438 1909 1506 1940; x_wconf 86' lang='lat' dir='ltr'><strong>Ra-</strong></span> 
     </span>
     <span class='ocr_line' id='line_1_64' title="bbox 887 1954 1505 1994; baseline 0 -9"><span class='ocrx_word' id='word_1_314' title='bbox 887 1957 958 1985; x_wconf 92' lang='lat' dir='ltr'><strong>tum</strong></span> <span class='ocrx_word' id='word_1_315' title='bbox 975 1957 1009 1985; x_wconf 89' lang='lat' dir='ltr'><strong>et</strong></span> <span class='ocrx_word' id='word_1_316' title='bbox 1023 1957 1154 1994; x_wconf 84' lang='lat' dir='ltr'><strong>gratum</strong></span> <span class='ocrx_word' id='word_1_317' title='bbox 1178 1954 1340 1985; x_wconf 81' lang='lat' dir='ltr'><strong>habentes</strong></span> <span class='ocrx_word' id='word_1_318' title='bbox 1363 1957 1396 1985; x_wconf 89' lang='lat' dir='ltr'><strong>et</strong></span> <span class='ocrx_word' id='word_1_319' title='bbox 1410 1954 1505 1985; x_wconf 88' lang='lat' dir='ltr'><strong>habi-</strong></span> 
     </span>
     <span class='ocr_line' id='line_1_65' title="bbox 888 2000 1504 2040; baseline 0 -9"><span class='ocrx_word' id='word_1_320' title='bbox 888 2001 955 2031; x_wconf 87' lang='lat' dir='ltr'><strong>turi</strong></span> <span class='ocrx_word' id='word_1_321' title='bbox 970 2000 1133 2040; x_wconf 89' lang='lat' dir='ltr'><strong>quicquid</strong></span> <span class='ocrx_word' id='word_1_322' title='bbox 1148 2009 1209 2039; x_wconf 90' lang='lat' dir='ltr'><strong>per</strong></span> <span class='ocrx_word' id='word_1_323' title='bbox 1222 2000 1330 2031; x_wconf 86' lang='lat' dir='ltr'><strong>dictos</strong></span> <span class='ocrx_word' id='word_1_324' title='bbox 1346 2003 1504 2040; x_wconf 88' lang='lat' dir='ltr'><strong>quatuor,</strong></span> 
     </span>
     <span class='ocr_line' id='line_1_66' title="bbox 886 2046 1504 2086; baseline -0.002 -9"><span class='ocrx_word' id='word_1_325' title='bbox 886 2049 966 2085; x_wconf 90' lang='lat' dir='ltr'><strong>tres,</strong></span> <span class='ocrx_word' id='word_1_326' title='bbox 981 2047 1034 2077; x_wconf 87' lang='lat' dir='ltr'><strong>vel</strong></span> <span class='ocrx_word' id='word_1_327' title='bbox 1051 2046 1138 2077; x_wconf 85' lang='lat' dir='ltr'><strong>duos</strong></span> <span class='ocrx_word' id='word_1_328' title='bbox 1159 2046 1363 2085; x_wconf 89' lang='lat' dir='ltr'><strong>eorumdem,</strong></span> <span class='ocrx_word' id='word_1_329' title='bbox 1379 2049 1504 2086; x_wconf 84' lang='lat' dir='ltr'><strong>actum,</strong></span> 
     </span>
     <span class='ocr_line' id='line_1_67' title="bbox 888 2092 1502 2132; baseline 0 -10"><span class='ocrx_word' id='word_1_330' title='bbox 888 2095 1032 2132; x_wconf 89' lang='lat' dir='ltr'><strong>gestum,</strong></span> <span class='ocrx_word' id='word_1_331' title='bbox 1058 2094 1316 2131; x_wconf 87' lang='lat' dir='ltr'><strong>procuratumve</strong></span> <span class='ocrx_word' id='word_1_332' title='bbox 1342 2092 1444 2123; x_wconf 84' lang='lat' dir='ltr'><strong>fuerit</strong></span> <span class='ocrx_word' id='word_1_333' title='bbox 1467 2093 1502 2123; x_wconf 89' lang='lat' dir='ltr'><strong>in</strong></span> 
     </span>
     <span class='ocr_line' id='line_1_68' title="bbox 887 2137 1503 2177; baseline 0.003 -9"><span class='ocrx_word' id='word_1_334' title='bbox 887 2138 1072 2177; x_wconf 88' lang='lat' dir='ltr'><strong>praemissis</strong></span> <span class='ocrx_word' id='word_1_335' title='bbox 1102 2140 1136 2169; x_wconf 89' lang='lat' dir='ltr'><strong>et</strong></span> <span class='ocrx_word' id='word_1_336' title='bbox 1172 2137 1323 2177; x_wconf 88' lang='lat' dir='ltr'><strong>quolibet</strong></span> <span class='ocrx_word' id='word_1_337' title='bbox 1353 2139 1503 2177; x_wconf 85' lang='lat' dir='ltr'><strong>praemis-</strong></span> 
     </span>
     <span class='ocr_line' id='line_1_69' title="bbox 886 2184 1503 2224; baseline 0 -9"><span class='ocrx_word' id='word_1_338' title='bbox 886 2193 1010 2216; x_wconf 88' lang='lat' dir='ltr'><strong>sorum.</strong></span> <span class='ocrx_word' id='word_1_339' title='bbox 1050 2184 1093 2214; x_wconf 90' lang='lat' dir='ltr'><strong>In</strong></span> <span class='ocrx_word' id='word_1_340' title='bbox 1107 2186 1207 2224; x_wconf 90' lang='lat' dir='ltr'><strong>cujus</strong></span> <span class='ocrx_word' id='word_1_341' title='bbox 1217 2184 1267 2214; x_wconf 89' lang='lat' dir='ltr'><strong>rei</strong></span> <span class='ocrx_word' id='word_1_342' title='bbox 1276 2184 1503 2216; x_wconf 89' lang='lat' dir='ltr'><strong>testimonium</strong></span> 
     </span>
     <span class='ocr_line' id='line_1_70' title="bbox 885 2230 1503 2270; baseline 0.002 -9"><span class='ocrx_word' id='word_1_343' title='bbox 885 2230 1110 2269; x_wconf 88' lang='lat' dir='ltr'><strong>praesentibus</strong></span> <span class='ocrx_word' id='word_1_344' title='bbox 1124 2230 1245 2261; x_wconf 86' lang='lat' dir='ltr'><strong>litteris</strong></span> <span class='ocrx_word' id='word_1_345' title='bbox 1260 2230 1409 2270; x_wconf 85' lang='lat' dir='ltr'><strong>sigillum</strong></span> <span class='ocrx_word' id='word_1_346' title='bbox 1425 2240 1503 2262; x_wconf 90' lang='lat' dir='ltr'><strong>nos-</strong></span> 
     </span>
     <span class='ocr_line' id='line_1_71' title="bbox 885 2276 1501 2316; baseline 0.002 -9"><span class='ocrx_word' id='word_1_347' title='bbox 885 2279 972 2307; x_wconf 89' lang='lat' dir='ltr'><strong>trum</strong></span> <span class='ocrx_word' id='word_1_348' title='bbox 1010 2277 1151 2308; x_wconf 85' lang='lat' dir='ltr'><strong>fecimus</strong></span> <span class='ocrx_word' id='word_1_349' title='bbox 1187 2276 1324 2316; x_wconf 86' lang='lat' dir='ltr'><strong>apponi.</strong></span> <span class='ocrx_word' id='word_1_350' title='bbox 1372 2276 1501 2308; x_wconf 86' lang='lat' dir='ltr'><strong>Datum</strong></span> 
     </span>
     <span class='ocr_line' id='line_1_72' title="bbox 885 2322 1500 2363; baseline 0.002 -10"><span class='ocrx_word' id='word_1_351' title='bbox 885 2322 978 2362; x_wconf 89' lang='lat' dir='ltr'><strong>apud</strong></span> <span class='ocrx_word' id='word_1_352' title='bbox 987 2322 1166 2362; x_wconf 87' lang='lat' dir='ltr'><strong>Strivelyn,</strong></span> <span class='ocrx_word' id='word_1_353' title='bbox 1177 2323 1274 2353; x_wconf 84' lang='lat' dir='ltr'><strong>tertio</strong></span> <span class='ocrx_word' id='word_1_354' title='bbox 1286 2331 1391 2354; x_wconf 86' lang='lat' dir='ltr'><strong>nonas</strong></span> <span class='ocrx_word' id='word_1_355' title='bbox 1399 2323 1423 2354; x_wconf 85' lang='lat' dir='ltr'>J</span> <span class='ocrx_word' id='word_1_356' title='bbox 1425 2323 1500 2363; x_wconf 89' lang='lat' dir='ltr'><strong>ulii,</strong></span> 
     </span>
     <span class='ocr_line' id='line_1_73' title="bbox 885 2368 1501 2400; baseline 0.002 -1"><span class='ocrx_word' id='word_1_357' title='bbox 885 2378 970 2400; x_wconf 84' lang='lat' dir='ltr'><strong>anno</strong></span> <span class='ocrx_word' id='word_1_358' title='bbox 980 2368 1118 2400; x_wconf 88' lang='lat' dir='ltr'><strong>Domini</strong></span> <span class='ocrx_word' id='word_1_359' title='bbox 1125 2368 1303 2399; x_wconf 87' lang='lat' dir='ltr'><strong>millesimo</strong></span> <span class='ocrx_word' id='word_1_360' title='bbox 1310 2368 1501 2400; x_wconf 88' lang='lat' dir='ltr'><strong>ducentesi-</strong></span> 
     </span>
     <span class='ocr_line' id='line_1_74' title="bbox 884 2415 1500 2454; baseline 0.002 -8"><span class='ocrx_word' id='word_1_361' title='bbox 884 2425 937 2446; x_wconf 94' lang='lat' dir='ltr'><strong>mo</strong></span> <span class='ocrx_word' id='word_1_362' title='bbox 952 2415 1167 2454; x_wconf 86' lang='lat' dir='ltr'><strong>nonagesimo</strong></span> <span class='ocrx_word' id='word_1_363' title='bbox 1181 2415 1410 2454; x_wconf 87' lang='lat' dir='ltr'><strong>quinto,regni</strong></span> <span class='ocrx_word' id='word_1_364' title='bbox 1422 2425 1500 2447; x_wconf 84' lang='lat' dir='ltr'><strong>vero</strong></span> 
     </span>
     <span class='ocr_line' id='line_1_75' title="bbox 883 2461 1497 2500; baseline 0 -8"><span class='ocrx_word' id='word_1_365' title='bbox 883 2462 987 2493; x_wconf 83' lang='lat' dir='ltr'><strong>nostri</strong></span> <span class='ocrx_word' id='word_1_366' title='bbox 1002 2461 1112 2492; x_wconf 86' lang='lat' dir='ltr'><strong>tertio.</strong></span> <span class='ocrx_word' id='word_1_367' title='bbox 1141 2461 1183 2491; x_wconf 90' lang='lat' dir='ltr'><strong>In</strong></span> <span class='ocrx_word' id='word_1_368' title='bbox 1200 2470 1341 2500; x_wconf 89' lang='lat' dir='ltr'><strong>quorum</strong></span> <span class='ocrx_word' id='word_1_369' title='bbox 1351 2461 1497 2492; x_wconf 89' lang='lat' dir='ltr'><strong>omnium</strong></span> 
     </span>
     <span class='ocr_line' id='line_1_76' title="bbox 882 2507 1499 2548; baseline 0 -9"><span class='ocrx_word' id='word_1_370' title='bbox 882 2507 1108 2540; x_wconf 88' lang='lat' dir='ltr'><strong>testimonium</strong></span> <span class='ocrx_word' id='word_1_371' title='bbox 1131 2507 1354 2546; x_wconf 78' lang='lat' dir='ltr'><strong>praesentibus</strong></span> <span class='ocrx_word' id='word_1_372' title='bbox 1376 2507 1499 2548; x_wconf 78' lang='lat' dir='ltr'><strong>litteris</strong></span> 
     </span>
     <span class='ocr_line' id='line_1_77' title="bbox 882 2548 1496 2593; baseline 0 -8"><span class='ocrx_word' id='word_1_373' title='bbox 882 2557 1030 2585; x_wconf 88' lang='lat' dir='ltr'><strong>nostrum</strong></span> <span class='ocrx_word' id='word_1_374' title='bbox 1043 2553 1185 2584; x_wconf 86' lang='lat' dir='ltr'><strong>fecimus</strong></span> <span class='ocrx_word' id='word_1_375' title='bbox 1196 2553 1319 2593; x_wconf 87' lang='lat' dir='ltr'><strong>apponi</strong></span> <span class='ocrx_word' id='word_1_376' title='bbox 1335 2548 1496 2593; x_wconf 82' lang='lat' dir='ltr'><strong>sigillum.</strong></span> 
     </span>
    </p>

    <p class='ocr_par' dir='ltr' id='par_1_10' title="bbox 881 2598 1497 2729">
     <span class='ocr_line' id='line_1_78' title="bbox 929 2598 1497 2632; baseline 0 -2"><span class='ocrx_word' id='word_1_377' title='bbox 929 2600 1054 2632; x_wconf 88' lang='lat' dir='ltr'><strong>Actum</strong></span> <span class='ocrx_word' id='word_1_378' title='bbox 1082 2599 1226 2630; x_wconf 85' lang='lat' dir='ltr'><strong>Parisiis</strong></span> <span class='ocrx_word' id='word_1_379' title='bbox 1251 2598 1307 2630; x_wconf 89' lang='lat' dir='ltr'><strong>die</strong></span> <span class='ocrx_word' id='word_1_380' title='bbox 1337 2600 1497 2630; x_wconf 88' lang='lat' dir='ltr'><strong>vicesima</strong></span> 
     </span>
     <span class='ocr_line' id='line_1_79' title="bbox 881 2645 1362 2685; baseline -0.002 -8"><span class='ocrx_word' id='word_1_381' title='bbox 881 2647 982 2677; x_wconf 88' lang='lat' dir='ltr'><strong>tertia</strong></span> <span class='ocrx_word' id='word_1_382' title='bbox 1030 2645 1154 2676; x_wconf 85' lang='lat' dir='ltr'><strong>mensis</strong></span> <span class='ocrx_word' id='word_1_383' title='bbox 1192 2645 1362 2685; x_wconf 86' lang='lat' dir='ltr'><strong>Octobris,</strong></span> 
     </span>
     <span class='ocr_line' id='line_1_80' title="bbox 883 2690 1281 2729; baseline -0.003 -6"><span class='ocrx_word' id='word_1_384' title='bbox 883 2692 1018 2723; x_wconf 89' lang='lat' dir='ltr'><strong>Domini</strong></span> <span class='ocrx_word' id='word_1_385' title='bbox 1037 2690 1221 2723; x_wconf 79' lang='lat' dir='ltr'><strong>M.ccxcv.&#39;&#39;</strong></span> <span class='ocrx_word' id='word_1_386' title='bbox 1274 2722 1281 2729; x_wconf 76' lang='grc'><strong><em>,</em></strong></span> 
     </span>
    </p>

    <p class='ocr_par' dir='ltr' id='par_1_11' title="bbox 929 2736 1494 2777">
     <span class='ocr_line' id='line_1_81' title="bbox 929 2736 1494 2777; baseline -0.002 -8"><span class='ocrx_word' id='word_1_387' title='bbox 929 2736 942 2755; x_wconf 90' lang='lat'><strong>³</strong></span> <span class='ocrx_word' id='word_1_388' title='bbox 966 2738 1114 2769; x_wconf 87' lang='lat' dir='ltr'><strong>‘Datum</strong></span> <span class='ocrx_word' id='word_1_389' title='bbox 1137 2737 1230 2777; x_wconf 80' lang='lat' dir='ltr'><strong>apud</strong></span> <span class='ocrx_word' id='word_1_390' title='bbox 1245 2737 1423 2777; x_wconf 86' lang='lat' dir='ltr'><strong>Stryvelyn</strong></span> <span class='ocrx_word' id='word_1_391' title='bbox 1438 2737 1494 2768; x_wconf 90' lang='lat' dir='ltr'><strong>die</strong></span> 
     </span>
    </p>
   </div>
   <div class='ocr_carea' id='block_1_8' title="bbox 1408 2654 1496 2676">
    <p class='ocr_par' dir='ltr' id='par_1_12' title="bbox 1408 2654 1496 2676">
     <span class='ocr_line' id='line_1_82' title="bbox 1408 2654 1496 2676; baseline 0 0"><span class='ocrx_word' id='word_1_392' title='bbox 1408 2654 1496 2676; x_wconf 70' lang='grc' dir='ltr'><strong>811Πο</strong></span> 
     </span>
    </p>
   </div>
  </div>
 </body>
</html>
