2038 3306
501 327 724 358 WAL‘rEm
758 327 820 356 DE
852 327 1228 358 Hssmmcssuncn.
1405 315 1491 357 183

223 431 566 473 confirmatione
597 431 785 484 Magnae
818 430 989 481 Cartae‚
1017 443 1154 485 quam
1187 431 1409 471 innovare
1443 434 1490 471 et
1523 440 1685 499 ξᾱῧοτιᾶῖἑὸ

226 498 442 551 perficere
466 497 731 554 multotiens
755 510 835 538 rex
861 497 959 550 ipse
980 497 1265 550 promiserat.
1327 495 1488 537 Distu·
1552 491 1558 499 ⁸
1597 491 1604 499 ’
1687 491 1695 498 ”

224 563 369 618 litque
392 563 669 617 respondere
689 577 771 604 rex
793 564 841 604 in
862 563 958 604 dies
978 563 1215 616 plurimos,
1237 567 1284 604 et
1306 562 1488 603 varian-

225 630 290 670 tia
313 631 455 671 verba
478 630 795 683 componebat.
865 628 1071 670 Tandem
1095 641 1204 670 vero
1225 641 1327 670 cum
1352 641 1488 682 urge·

224 700 352 737 retur
390 708 418 737 a
461 697 634 744 multis,
673 696 791 737 dixit
830 707 880 736 se
919 695 1193 749 respondere
1239 695 1488 738 deberein

225 762 491 804 crastinum.
577 762 639 804 Et
691 761 814 803 facto
862 774 997 802 mane
1043 761 1232 803 recessit
1274 761 1332 802 ab
1376 761 1489 802 urbe

223 828 459 869 latenter.·
506 827 642 879 Quod
670 841 774 869 cum
809 826 1047 868 audissent
1073 827 1262 868 comites
1292 827 1489 869 insecuti

224 899 333 935 suut
368 907 472 935 eum
506 894 551 934 in
589 892 880 934 multitudine
917 905 1101 945 magna,
1135 897 1380 934 causantes
1417 906 1487 934 re-

224 972 402 1000 cessum
446 964 492 1000 et
537 965 675 1001 certae
719 958 1001 1012 praefixionis
1045 959 1178 1011 quasi
1218 963 1488 999 enervatum

225 1038 508 1078 responsum.
603 1024 782 1077 Quibus
841 1037 941 1074 reX,
994 1027 1023 1046 “
1045 1024 1196 1074 Certe,
1250 1024 1488 1074 carissimi,

225 1104 304 1133 aer
336 1091 540 1133 civitatis
573 1095 818 1144 corruptus
849 1090 1007 1131 nocuit
1029 1091 1175 1140 nobis,
1206 1096 1252 1131 et
1280 1090 1384 1131 ideo
1415 1103 1486 1131 re-

226 1158 463 1208 cessimus,
497 1162 549 1199 ut
582 1170 686 1198 aere
721 1161 901 1198 mutato
933 1156 1096 1198 saltem
1128 1157 1175 1197 in
1209 1156 1388 1198 modico
1417 1169 1489 1198 re-

224 1237 459 1272 creemur;
514 1223 595 1264 sed
640 1223 784 1264 redite
827 1223 886 1264 ad
936 1223 1110 1272 urbem,
1157 1227 1204 1265 et
1253 1223 1488 1276 accipietis

225 1302 491 1343 responsum
507 1303 535 1330 a
550 1289 743 1331 consilio
760 1289 965 1330 nostro.''
1019 1288 1112 1340 Qui
1124 1302 1228 1330 cum
1249 1290 1486 1339 abiissent,

226 1357 467 1397 audierunt
485 1369 752 1409 responsum
786 1368 875 1396 non
906 1355 1186 1409 acceptabile
1206 1355 1384 1409 quidem
1406 1355 1487 1396 sed

227 1422 474 1470 variabile;
532 1421 751 1462 articulos
799 1421 921 1462 enim
965 1434 1083 1475 quos
1130 1422 1220 1475 ipsi
1261 1422 1489 1475 petierant

226 1489 291 1530 sic
322 1487 672 1529 confirmaverat
697 1500 780 1528 rex
802 1492 853 1528 ut
874 1487 921 1527 in
942 1487 1032 1528 fine
1056 1487 1291 1542 adjiceret,
1313 1491 1342 1510 “
1356 1488 1488 1530 salvo

221 1555 327 1609 jure
352 1567 535 1595 coronae
554 1553 769 1595 nostrae.''
841 1552 977 1603 Quod
1000 1554 1207 1595 auditum
1239 1553 1487 1607 displicuit,

225 1627 271 1662 et
302 1625 588 1661 recesserunt
621 1619 679 1660 ad
710 1618 898 1672 propria
920 1619 1156 1672 impacati.
1226 1620 1488 1661 Consiliarii

225 1692 379 1728 autem
411 1686 551 1739 regis,
584 1686 799 1727 timentes
836 1684 1107 1727 seditionem
1140 1685 1315 1739 populi,
1346 1685 1488 1727 tradi-

224 1753 387 1794 derunt
418 1757 639 1805 utrasque
659 1756 812 1793 cartas
843 1751 908 1793 sic
935 1752 1228 1804 consignatas
1249 1752 1489 1794 vicecomi-

225 1820 347 1860 tibus
379 1818 793 1868 Londoniensibus,
824 1823 876 1859 ut
907 1818 955 1859 in
982 1818 1165 1872 publico
1199 1818 1487 1872 legerentur:

226 1886 491 1939 factumque
532 1889 603 1927 est
645 1885 710 1927 sic
754 1884 801 1925 in
840 1885 1103 1926 coemeterio
1148 1884 1308 1926 Sancti
1350 1884 1490 1926 Pauli

225 1956 506 2006 congregato
540 1951 712 2005 populo
748 1951 992 2002 universo;
1040 1951 1241 2005 dumque
1281 1951 1491 1992 videren-

227 2024 302 2060 tur
321 2018 542 2071 imprimis
563 2017 717 2059 Cartae
745 2017 811 2058 sic
835 2017 1136 2070 consignatae,
1157 2017 1491 2059 benedixerunt

227 2085 476 2126 Dominum
516 2089 564 2125 et
603 2096 774 2137 regem,
815 2083 896 2124 sed
936 2083 1092 2124 audito
1133 2083 1221 2124 fine
1265 2083 1489 2136 captioso,

227 2151 469 2192 confestim
504 2150 870 2203 improperantes
894 2149 1260 2191 maledictionem
1294 2162 1378 2203 pro
1413 2150 1489 2190 be-

228 2217 484 2258 nedictione
526 2215 795 2256 intulerunt.
866 2214 1244 2268 Dissolutumque
1279 2219 1350 2256 est
1379 2228 1489 2256 con-

227 2283 396 2332 silium,
430 2287 476 2323 et
506 2281 696 2322 comites
730 2281 875 2322 nostri
912 2287 964 2322 ut
998 2282 1290 2323 convenirent
1322 2282 1489 2323 iterato

226 2350 274 2390 in
317 2348 591 2402 quindenam
648 2347 844 2389 Paschae
894 2352 1000 2389 ante
1049 2361 1205 2389 eorum
1259 2360 1489 2389 recessum

224 2416 343 2456 diem
366 2419 647 2468 receperunt.
718 2413 775 2454 In
795 2426 886 2467 quo
909 2414 1090 2467 quidem
1115 2414 1345 2468 colloquio
1367 2413 1488 2455 Lon·
1503 2433 1703 2458 ‘mechmas

223 2482 372 2523 doniis
414 2481 659 2530 celebrato,
697 2493 781 2522 rex
819 2481 954 2534 quasi
996 2480 1150 2522 omnia
1193 2480 1338 2534 petita
1379 2493 1488 2521 con·
1504 2473 1671 2526 ffissnssedfw‘

225 2548 379 2598 cessit,
401 2554 447 2589 et
469 2547 589 2589 votis
613 2559 771 2588 eorum
806 2547 971 2600 paruit.
1044 2546 1488 2600 Compromiserunt-

225 2628 315 2669 que
352 2619 576 2668 quantum
616 2613 674 2655 ad
714 2613 1042 2666 equitationem
1078 2613 1352 2654 forestarum
1393 2625 1490 2654 om-

228 2682 352 2722 nium
391 2681 438 2721 in
473 2692 616 2733 regno
658 2677 843 2733 Angliae
881 2680 928 2720 in
963 2685 1057 2721 tres
1100 2680 1356 2733 episcopos,
1398 2685 1491 2720 tres

227 2747 417 2789 comites
448 2751 495 2788 et
519 2751 614 2788 tres
640 2746 854 2796 barones,
875 2751 928 2787 ut
958 2746 1063 2800 ipsi,
1090 2746 1239 2787 Deum
1271 2745 1491 2787 habentes

227 2826 322 2867 prae
359 2812 520 2863 oculis,
553 2812 749 2854 forestas
791 2812 987 2866 equitari
1023 2811 1241 2861 facerent,
1275 2816 1321 2853 et
1353 2812 1493 2854 dubia
