2038 3306
458 328 684 361 WALTERI
717 331 779 361 DE
809 331 1186 363 HEMINGBURGH.
1343 320 1427 362 16].

164 432 350 475 Domini
398 433 604 489 eJusdem
642 436 768 486 anni,
811 450 955 491 usque
1005 437 1063 479 ad
1108 437 1227 479 idem
1258 436 1424 478 festum
1450 447 1619 506 {⁴⁶5⁵ssss

162 499 385 541 revolutis
428 502 563 542 annis
604 501 811 551 duobus;
852 509 899 545 et
939 504 1061 558 quod
1104 502 1278 557 captivi
1317 501 1423 543 hinc
1479 498 1486 505 '
1531 499 1538 507 '
1621 499 1628 506 ‘

163 565 269 607 inde
291 565 601 619 redderentur,
623 569 710 610 sub
733 570 946 612 cautione
970 575 1123 612 tamen
1145 574 1198 611 ut
1220 569 1259 611 si
1285 568 1425 623 plena

162 644 258 686 pax
282 635 469 686 treugas
504 647 596 676 non
628 640 898 689 sequeretur
926 636 1174 684 biennale&
1196 635 1270 678 vel
1300 635 1424 689 quod

163 710 318 739 eorum
348 711 542 753 corpora
569 700 642 742 vel
674 701 837 743 saltem
872 703 1066 756 pecunia
1096 702 1181 743 sub
1211 701 1424 744 cautione

162 764 376 817 exposita
391 765 662 817 solveretur,
681 772 990 822 supponentes
1009 773 1254 822 utrumque
1269 780 1423 820 regem

163 834 210 871 et
233 830 289 871 de
311 831 552 874 voluntate
576 846 733 874 eorum
758 833 1016 887 obligantes
1047 847 1126 875 eos
1145 834 1193 875 in
1215 834 1426 875 omnibus

164 901 211 937 et
247 909 331 950 per
378 898 530 939 omnia
576 898 851 940 ordinationi
890 899 1062 941 domini
1106 912 1240 953 papae
1288 899 1426 940 Boni·
1442 909 1503 935 'rue
1514 909 1599 940 kinnu

161 961 284 1012 faofi»
306 963 386 1016 qui
418 963 725 1006 dissensiones
760 964 1045 1006 omnimodas
1077 965 1305 1007 audiendo
1326 968 1339 986 ‘
1357 965 1426 1005 di·
1441 943 1609 1001 Ἆῗῗέιὲἶῖἷε

163 1027 390 1070 rimeret’¹
422 1034 469 1070 et
503 1029 593 1071 fine
630 1029 784 1072 debito
818 1031 1097 1072 terminaret.
1175 1031 1428 1073 Mittuntur
1443 1009 1608 1102 Ξοξέτῖἓρδ

163 1093 322 1147 itaque
365 1093 593 1137 solemnes
636 1097 791 1138 nuncii
834 1097 892 1139 ad
940 1097 1115 1138 curiam
1156 1110 1307 1151 papae,
1348 1110 1428 1150 qui

163 1160 402 1214 utriusque
439 1162 561 1215 regis
607 1163 843 1216 negotium
883 1168 1123 1217 exponunt
1168 1163 1427 1216 diligenter.

163 1225 390 1268 Dominus
430 1232 585 1269 autem
630 1241 767 1283 papa,
815 1229 984 1271 auditis
1028 1229 1135 1270 hinc
1176 1229 1283 1270 inde
1321 1242 1428 1282 pro-

163 1292 327 1345 positis
350 1298 397 1335 et
429 1294 768 1337 communicato
792 1294 1000 1345 consilio,
1025 1295 1231 1337 decrevit
1252 1299 1298 1336 et
1330 1307 1429 1336 sen-

166 1358 382 1401 tentiavit
402 1359 447 1401 in
472 1359 593 1402 hunc
614 1360 813 1402 modum.

461 1510 685 1552 Ordinatio
705 1512 838 1566 Papa:
857 1511 967 1552 inter
989 1512 1129 1566 Reyes.

225 1623 435 1665 Dudum²
462 1625 580 1667 inter
615 1626 878 1668 carissimos
899 1627 948 1667 in
973 1625 1161 1668 Christo
1183 1626 1302 1667 filios
1325 1639 1429 1667 nos·
1450 1635 1618 1662 Hisaward-

160 1764 286 1805 phany,
312 1764 374 1795 but
398 1763 450 1795 for
474 1764 521 1795 all
544 1764 639 1797 other
662 1765 778 1805 places
813 1775 930 1805 pacem
957 1765 1124 1805 pertinent
1151 1775 1192 1797 ac
1222 1775 1325 1805 super
1353 1765 1432 1797 aliis

161 1811 240 1851 only
258 1810 343 1842 until
357 1809 413 1842 the
433 1813 568 1843 octaves
587 1811 626 1843 of
644 1811 693 1844 st.
708 1811 779 1843 An-
814 1821 916 1852 super
931 1812 1056 1852 quibus
1073 1821 1134 1851 per
1147 1812 1289 1843 nuncios
1306 1814 1339 1844 et
1354 1822 1432 1852 pro-

160 1858 267 1897 drew,
281 1866 318 1888 or
333 1856 391 1888 7th
406 1856 444 1888 of
454 1857 655 1898 December,
667 1858 779 1890 which
813 1861 984 1890 curatores
1011 1861 1140 1890 vestros
1173 1858 1208 1889 in
1251 1867 1312 1890 nos
1351 1861 1434 1889 tam-

162 1904 348 1936 sufferance
379 1912 452 1934 was
481 1903 679 1936 afterwards
705 1915 781 1944 pro·
814 1914 916 1944 quam
947 1905 982 1935 in
1005 1905 1171 1945 privatam
1197 1913 1373 1944 personam
1399 1908 1433 1936 et

161 1950 296 1991 longed.
342 1949 414 1980 The
443 1959 531 1990 pope
554 1951 735 1990 published
761 1960 782 1982 a
815 1950 1038 1983 Benedictum
1067 1950 1262 1991 Gaytanum
1299 1951 1433 1983 nomine

162 2000 230 2029 two
254 1995 364 2037 years’
389 1999 483 2027 truce
510 1997 618 2029 under
642 1998 723 2037 pain
748 1998 787 2029 of
815 2000 926 2029 vestro
935 2000 969 2028 et
979 2007 1040 2037 pro
1053 1997 1148 2029 vobis
1159 1997 1271 2028 extitit
1282 2006 1433 2037 compro-

128 2044 141 2052 '
164 2042 499 2083 excommunication,
521 2043 583 2075 but
605 2043 661 2075 the
689 2044 782 2084 King
815 2044 967 2083 missum,
1004 2043 1209 2082 arbitrando,
1249 2043 1432 2084 laudando,

163 2090 202 2122 of
213 2090 340 2121 France
350 2088 495 2128 steadily
507 2089 642 2122 refused
654 2092 688 2121 to
703 2091 782 2122 sub·
815 2089 1021 2129 diffiniendo,
1062 2089 1265 2120 arbitraliter
1300 2093 1432 2121 senten-

164 2136 225 2167 mit
239 2137 274 2166 in
289 2134 610 2168 secularmattersto
627 2136 783 2176 spiritual
816 2136 944 2175 tiando,
988 2135 1190 2175 mandando,
1233 2134 1431 2175 ordinando,

165 2182 347 2221 authority.
816 2181 1037 2221 disponendo,
1058 2184 1092 2212 et
1105 2181 1371 2221 pronunciando,
1391 2191 1434 2213 ea

214 2228 224 2247 ¹
247 2229 257 2245 ‘
269 2223 450 2267 dirigeret,'
466 2228 542 2259 MS.
557 2227 646 2260 Cott.
662 2228 767 2267 Vesp.
817 2228 891 2259 vice
916 2237 1025 2267 nuper
1046 2227 1206 2258 duximus
1230 2226 1433 2268 faciendum,

212 2271 226 2291 ²
247 2274 330 2306 This
359 2273 559 2306 instrument
592 2275 622 2305 is
651 2273 785 2314 printed
818 2276 918 2314 prout
927 2274 960 2304 in
973 2274 1192 2305 instrumento
1207 2273 1345 2313 publico
1355 2274 1434 2306 inde

165 2321 247 2353 from
258 2331 301 2352 an
312 2318 455 2359 original
463 2321 561 2352 letter
569 2321 604 2351 in
618 2319 674 2352 the
682 2320 785 2351 Trea·
818 2319 969 2352 confecto
976 2319 1110 2360 plenius
1116 2320 1435 2353 confinem-,Quam

164 2377 246 2408 sury
261 2367 299 2399 of
318 2366 374 2398 the
391 2363 496 2398 Court
515 2367 553 2398 of
577 2366 634 2398 the
645 2367 786 2406 Receipt
819 2366 1128 2406 pronunciationem
1158 2369 1192 2397 et
1221 2375 1299 2405 quae
1330 2366 1366 2397 in
1395 2375 1437 2398 ea

164 2414 202 2446 of
231 2414 287 2446 the
320 2410 532 2454 Exchequer‚
559 2413 787 2453 commencing
818 2413 1029 2444 continentur
1043 2412 1241 2443 auctoritate
1252 2412 1439 2452 apostolica

162 2460 246 2492 with
256 2460 312 2492 the
320 2459 492 2500 following
503 2459 787 2491 introductionz—
819 2458 931 2490 valere
945 2458 1101 2489 volumus
1115 2460 1150 2489 et
1163 2458 1298 2497 plenam
1314 2458 1437 2490 habere

163 2506 188 2525 “
201 2506 399 2540 Bonifacius
436 2507 618 2547 episcopus
669 2515 787 2536 servus
820 2504 1031 2536 decernimus
1060 2504 1194 2535 roboris
1227 2504 1437 2544 firmitatem3

165 2563 335 2585 servorum
347 2554 418 2586 Dei
429 2553 614 2585 carissimis
626 2551 787 2583 inChris-
820 2553 966 2582 tenorem
1000 2550 1110 2590 ipsius
1147 2550 1357 2582 instrumenti
1393 2551 1436 2582 de

166 2603 200 2632 to
217 2599 295 2631 filiis
312 2600 484 2641 Phylippo
495 2599 648 2631 Franciae
669 2601 702 2630 et
718 2598 786 2628 Ed·
820 2597 921 2628 verbo
932 2597 977 2629 ad
987 2595 1126 2628 verbum
1137 2606 1180 2627 ex
1191 2600 1283 2628 certa
1297 2597 1438 2629 scientia

169 2645 283 2677 wardo
299 2646 434 2688 Angliae
445 2646 582 2686 regibus
597 2644 787 2676 illustribus
821 2643 1046 2683 praesentibus
1081 2643 1233 2674 annotari
1263 2642 1438 2683 facientes,

169 2693 311 2724 salutem
321 2691 786 2734 etapostolicambenedictio-
822 2691 880 2729 qui
896 2690 975 2722 talis
990 2692 1051 2721 est.
1083 2689 1125 2720 In
1140 2689 1272 2720 nomine
1287 2689 1440 2729 Domini,

170 2748 257 2771 nem.
290 2738 606 2771 pronunciationem
618 2737 786 2777 quandam
822 2737 942 2768 Amen.
989 2736 1089 2767 Anno
1111 2735 1249 2766 Domini
1264 2735 1441 2767 millesimo

169 2794 272 2824 super
288 2785 498 2818 reformanda
518 2785 605 2816 inter
626 2794 685 2815 vos
704 2793 788 2823 pace
822 2783 1050 2814 ducentesimo
1072 2782 1288 2822 nonagesimo
1312 2784 1442 2821 octavo,

171 2834 204 2862 et
219 2833 397 2864 concordia
408 2835 442 2864 et
456 2841 558 2872 super
572 2830 639 2863 hiis
655 2840 732 2870 quae
745 2829 789 2861 ad
823 2829 1004 2861 indictione
1025 2828 1216 2869 undecima,
1230 2829 1443 2868 pontificatus

242 2908 345 2938 VOL.
371 2909 421 2938 11.
1207 2904 1241 2933 M
