2038 3306
546 318 632 360 122
1032 325 1310 357 cunomcoN

348 441 512 500 {dgnrggi
548 439 643 475 tros
668 433 788 486 regis
818 444 901 473 nec
925 431 1073 480 lanas,
1095 443 1176 472 nec
1207 431 1348 479 coria,
1374 442 1457 471 nec
1488 428 1804 471 extraordina-

375 493 383 500 ’
423 493 429 499 ’
511 493 663 540 'rium
700 499 942 552 quicquam
979 509 1160 551 capere,
1196 501 1278 538 aut
1314 496 1484 550 aliquid
1521 496 1708 549 exigere
1747 495 1806 536 ab

545 565 728 615 invitis;
766 564 1014 618 quinimmo
1033 562 1370 604 interdixerunt
1390 562 1456 602 eis
1482 562 1737 615 ingressum
1759 562 1805 602 in

546 636 692 672 terras
717 642 826 671 suas
857 630 942 670 sub
967 641 1109 683 poena
1139 628 1304 682 capitis
1336 632 1383 669 et
1408 628 1728 678 membrorum,
1760 632 1807 668 et

546 709 596 738 se
614 696 672 739 ad
699 695 1003 737 resistendum
1026 694 1365 748 praeparabant.

585 841 894 884 Reconciliatur
913 840 1256 897 Arohiepiscopus
1271 840 1583 882 Cautum-imis
1600 840 1720 896 Refi,
1739 845 1776 882 et

746 907 1058 964 transfretando
1079 907 1311 949 Dio-entiam
1331 907 1486 963 accepit
1505 907 1607 948 Rex.

335 1033 533 1066 Prepmuom
618 1020 756 1063 Anno
782 1022 969 1063 Domini
995 1032 1264 1063 M.ccxcvn.
1283 1035 1383 1072 rex,
1401 1021 1449 1063 in
1469 1034 1553 1063 suo
1572 1021 1810 1075 proposito

334 1067 522 1126 ἷζίξῗιῗιῗᾶἰ.
551 1101 841 1142 permanenS,
885 1088 1107 1141 praecepit
1155 1092 1208 1129 ut
1249 1101 1405 1130 omnes
1451 1089 1530 1142 qui
1571 1088 1808 1128 servitium

551 1154 637 1195 sibi
668 1154 911 1203 debebant,
933 1159 980 1195 et
1014 1167 1172 1195 omnes
1204 1154 1282 1195 alii
1318 1155 1398 1207 qui
1428 1154 1594 1207 viginti
1618 1153 1809 1194 libratas

550 1223 684 1260 terrae
700 1232 729 1260 a
749 1232 1023 1273 quocunque
1044 1224 1252 1261 tenerent
1266 1219 1385 1260 insra
1404 1232 1593 1272 regnum
1612 1217 1810 1272 Angliae,

334 1295 493 1326 Thumday,
550 1290 703 1326 essent
721 1284 971 1326 Londoniis
991 1285 1038 1325 in
1061 1285 1181 1326 sesto
1202 1285 1326 1326 beati
1340 1285 1471 1326 Petri
1494 1285 1552 1326 ad
1574 1284 1808 1334 Vincula‚¹

335 1329 409 1360 ‘⁴¹¹⁸'
423 1328 450 1354 L
551 1350 702 1403 parati
721 1363 824 1392 cum
845 1351 974 1404 equis
996 1357 1042 1392 et
1062 1351 1201 1392 armis
1221 1351 1279 1392 ad
1301 1350 1688 1392 transfretandum
1708 1364 1811 1392 cum

552 1429 605 1457 eo
652 1417 826 1470 absque
865 1417 1085 1458 dilatione
1132 1417 1336 1470 qualibet
1378 1417 1452 1458 vel
1498 1417 1809 1459 excusatione.

553 1481 762 1536 Cumque
787 1483 1019 1524 venissent
1049 1483 1232 1533 ibidem,
1266 1483 1489 1537 multique
1512 1483 1718 1525 viderent
1741 1497 1812 1525 re-

552 1561 656 1601 gem
678 1549 725 1589 in
749 1549 932 1602 incepto
956 1549 1193 1602 proposito
1225 1562 1506 1602 permanere,
1527 1549 1744 1591 dixerunt
1767 1550 1810 1591 ei

551 1619 818 1667 magnatum
856 1614 1060 1668 quidam,
1091 1619 1121 1637 “
1141 1615 1249 1656 Non
1279 1615 1481 1668 expedit,
1523 1615 1564 1657 Ο
1595 1628 1695 1666 reX‚
1726 1628 1811 1657 nec

551 1680 722 1720 bonum
748 1687 819 1721 est
850 1681 917 1721 sic
944 1681 1258 1731 transfretare,
1290 1681 1393 1731 nisi,
1428 1682 1575 1735 primo
1606 1683 1810 1723 reconci-

552 1745 666 1787 liato
696 1750 838 1799 patre.
859 1751 940 1788 tuo
971 1747 1200 1800 spirituali
1232 1746 1556 1789 Cantuariensi
1585 1747 1810 1802 archiepi-

554 1824 694 1865 scopo
711 1816 757 1853 et
772 1813 1064 1865 magnatibus
1078 1813 1187 1863 tuis,
1202 1813 1450 1854 inveniaris
1471 1814 1629 1868 etipse
1644 1814 1691 1855 in
1707 1815 1809 1856 sinu

337 1894 398 1919 Tne
411 1892 525 1925 Kingis
554 1878 714 1918 matris
753 1877 960 1919 ecclesiae
995 1879 1310 1921 numeratus.'’
1379 1878 1446 1921 At
1476 1879 1554 1922 ille
1577 1881 1624 1921 in
1657 1893 1707 1922 se
1742 1894 1810 1922 re-

337 1927 497 1952 reconciled
508 1930 537 1952 to

337 1960 387 1999 qm
399 1961 478 1985 aren.
555 1956 732 1993 versuS,
754 1949 799 1985 et
821 1944 983 1985 videns
1011 1944 1097 1986 hoc
1111 1945 1290 1999 justum
1310 1957 1411 1986 esse
1439 1952 1485 1987 et
1508 1947 1675 1987 rationi
1706 1959 1811 1988 con-

337 1993 520 2058 'c'ffsst‘ssssu‘ssfm
554 2022 734 2059 sonum,
748 2023 857 2052 mox
875 2011 1099 2052 accersito
1113 2010 1435 2052 Cantuariensi
1453 2012 1812 2067 archiepiscopo,

555 2075 633 2128 qui
663 2087 867 2128 praesens
902 2075 1159 2125 aderat,*et
1193 2077 1316 2118 omni
1355 2090 1546 2119 rancore
1583 2079 1811 2132 deposito,

553 2141 704 2194 ipsum
726 2154 827 2182 cum
854 2142 950 2182 suis
965 2142 1013 2182 in
1029 2142 1361 2196 specialitatem
1379 2145 1552 2197 recepit
1571 2145 1812 2198 pristinam

554 2211 599 2248 et
620 2207 841 2261 majorem
866 2207 1099 2257 adauxit,2
1126 2209 1359 2250 confidens
1384 2210 1505 2251 enim
1529 2211 1584 2251 de
1607 2211 1814 2253 bonitate

552 2273 697 2326 ipsius
722 2279 769 2314 et
790 2274 1051 2315 constantia
1072 2287 1229 2316 curam
1253 2280 1300 2316 et
1319 2276 1572 2318 custodiam
1598 2277 1814 2319 Edwardi

551 2339 631 2379 filii
672 2339 743 2380 sui
785 2346 832 2381 et
868 2340 1010 2381 totius
1052 2346 1187 2382 terrae
1231 2340 1430 2394 Angliae,
1471 2343 1691 2398 adjuncto
1726 2343 1813 2384 sibi

601 2483 609 2502 ¹
634 2485 717 2517 This
747 2486 825 2517 date
857 2486 886 2517 is
913 2486 1097 2526 supported
1120 2487 1166 2526 by
1199 2488 1396 2518 restoration
1429 2488 1468 2519 of
1499 2488 1555 2519 the
1584 2488 1815 2528 archbishop’s

553 2531 796 2572 Walsingham,
807 2533 869 2563 but
877 2533 1058 2573 according
1068 2536 1101 2564 to
1110 2533 1166 2564 the
1200 2533 1257 2572 lay
1272 2533 1343 2565 sees
1358 2534 1388 2565 is
1411 2534 1513 2566 dated
1533 2537 1568 2565 at
1582 2535 1817 2567 Westminster

552 2578 630 2608 writ
653 2579 788 2610 entered
806 2588 849 2610 on
874 2579 930 2610 the
952 2580 1029 2610 Rot.
1049 2579 1166 2611 Claus.
1200 2589 1243 2610 on
1258 2579 1313 2610 the
1331 2580 1408 2611 llth
1424 2580 1462 2611 of
1479 2581 1576 2620 July,
1591 2581 1671 2621 and,
1686 2581 1814 2622 shortly

553 2626 595 2655 25
620 2624 720 2656 Edw.
743 2625 773 2656 Ι.
789 2635 834 2657 m.
853 2627 906 2665 14,
922 2625 957 2658 d.
982 2625 1062 2664 they
1078 2635 1167 2657 were
1201 2625 1298 2664 after,
1313 2626 1368 2657 the
1385 2626 1478 2667 King
1491 2630 1597 2658 wrote
1612 2631 1645 2658 to
1667 2627 1723 2659 the
1739 2628 1814 2659 she—

554 2671 749 2702 summoned
764 2675 798 2702 to
809 2672 850 2702 be
863 2672 967 2711 ready
982 2675 1017 2702 at
1031 2671 1166 2702 London
1201 2672 1272 2703 riffs
1297 2675 1332 2703 to
1361 2676 1492 2712 protect
1519 2673 1585 2704 and
1611 2673 1733 2705 defend
1759 2675 1815 2706 the

552 2725 593 2746 on
608 2716 746 2756 Sunday
757 2720 837 2748 next
851 2718 937 2749 after
948 2718 1004 2750 the
1021 2718 1167 2749 Octaves
1201 2719 1315 2758 clergy
1330 2719 1365 2749 in
1388 2719 1523 2759 general
1542 2719 1625 2751 from
1642 2720 1688 2751 all
1703 2721 1816 2761 injury

553 2762 590 2792 of
602 2762 651 2793 St.
667 2763 757 2794 John
772 2764 828 2795 the
845 2764 993 2805 Baptist,
1007 2764 1030 2796 J
1034 2764 1092 2804 uly
1107 2767 1139 2795 7.
1201 2765 1267 2796 and
1282 2765 1505 2798 molestation.

598 2805 611 2824 ²
639 2808 710 2840 The
741 2810 818 2841 writ
847 2811 1081 2851 commanding
1111 2810 1167 2842 the
