2038 3306
540 327 626 369 212
1027 339 1305 371 OHRoNlcoN

350 455 469 480 namra
481 455 506 481 1.
546 454 676 495 reges
714 441 918 496 ejusdem
948 443 1093 494 regni,
1119 447 1212 484 tam
1244 442 1526 496 temporibus
1559 442 1801 483 Britonum

332 488 521 570 Ttsssszzss
547 521 683 562 quam
705 507 977 560 Anglorum‚
1002 509 1213 561 superius
1235 514 1281 550 et
1304 508 1527 549 directum
1550 508 1801 549 dominium

333 577 437 602 Lester·
547 574 676 626 regni
721 573 888 615 Scotiae
928 573 1201 624 habuerunt,
1244 578 1291 614 et
1324 574 1372 614 in
1410 574 1695 627 possessione
1729 572 1802 613 vel

550 639 681 694 quasi
729 639 1062 693 superioritatis
1114 644 1160 681 et
1211 639 1371 680 directi
1420 639 1609 680 dominii
1658 639 1803 692 ipsius

552 706 680 758 regni
712 705 879 747 Scotiae
914 705 1185 747 successivis
1215 705 1494 758 temporibus
1524 705 1803 754 extiterunt3

552 784 634 812 nec
674 771 780 812 ullis
814 771 1094 824 temporibus
1129 771 1279 824 ipsum
1314 783 1520 823 regnum,
1550 770 1597 810 in
1630 774 1803 822 tempo-

551 837 739 887 ralibus,
782 837 1004 890 pertinuit
1048 837 1120 878 vel
1163 837 1361 890 pertinet
1403 836 1566 889 quovis
1600 835 1706 889 jure
1747 834 1804 875 ad

553 903 788 945 ecclesiam
827 903 1164 956 supradictam
1212 902 1414 955 quinimo
1453 901 1572 942 idem
1614 914 1803 954 regnum

554 969 720 1010 Scotiae
763 968 1130 1022 progenitoribus
1183 968 1388 1022 praedicti
1437 967 1607 1009 domini
1660 967 1804 1007 nostri

554 1033 812 1087 ‘regibus'¹
844 1033 1027 1087 Angliae
1052 1039 1190 1087 atque
1213 1034 1301 1075 sibi
1335 1033 1512 1074 feodale
1547 1033 1703 1074 extitit
1741 1033 1799 1072 ab

554 1100 759 1153 antiquo.
822 1099 922 1141 Nec
946 1101 1082 1141 etiam
1105 1113 1236 1153 reges
1259 1100 1498 1141 Scotorum
1524 1104 1569 1139 et
1602 1111 1805 1150 regnum,

554 1165 718 1206 ‘alii'2
767 1178 902 1218 quam
946 1166 1130 1218 regibus
1175 1165 1357 1218 Angliae
1402 1164 1687 1212 subsuerunt,
1733 1164 1803 1204 vel

554 1231 717 1284 subjici
768 1236 1118 1272 consueverunt.
1207 1231 1372 1284 Neque
1424 1242 1555 1282 reges
1607 1228 1806 1281 Angliae,

554 1309 691 1349 super
720 1295 902 1349 juribus
935 1297 1030 1337 suis
1067 1297 1115 1337 in
1150 1309 1291 1349 regno
1322 1295 1557 1349 praedicto,
1589 1299 1670 1336 aut
1706 1294 1808 1336 aliis

554 1362 648 1402 suis
682 1361 1026 1414 temporalibus,
1058 1375 1210 1404 coram
1246 1362 1399 1415 aliquo
1430 1362 1587 1416 judice
1622 1361 1806 1402 ecclesi·

554 1427 699 1469 astico
741 1427 815 1470 vel
852 1428 1062 1478 seculari,
1099 1432 1112 1450 ‘
1129 1441 1188 1468 ex
1228 1427 1373 1468 libera
1417 1425 1809 1481 praeeminentia'³

554 1498 705 1534 status
749 1506 845 1534 suae
898 1494 1037 1546 regiae
1087 1494 1324 1547 dignitatis
1374 1497 1419 1534 et
1469 1493 1811 1534 consuetudinis

556 1559 728 1600 cunctis
779 1560 1058 1612 temporibus
1111 1559 1487 1612 irrefragabiliter
1532 1560 1808 1608 observatae,

555 1624 901 1679 responderunt,
933 1630 1014 1667 aut
1042 1625 1315 1678 respondere
1345 1625 1585 1665 debebant.
1657 1625 1809 1674 Unde,

556 1691 714 1732 habito
744 1694 946 1731 tractatu
985 1696 1030 1732 et
1065 1691 1390 1732 deliberatione
1433 1690 1635 1744 diligenti
1676 1704 1814 1744 super

557 1756 781 1797 contentis
804 1756 851 1796 in
871 1757 1036 1797 vestris
1066 1756 1211 1798 literis
1234 1756 1512 1806 memoratis,
1544 1757 1836 1817 communis]
1858 1740 1919 1816 ΛΤ

558 1834 747 1863 concors
777 1826 824 1862 et
853 1822 1081 1863 unanimis
1111 1823 1312 1863 omnium
1346 1828 1552 1863 nostrum
1583 1827 1630 1862 et
1659 1822 1812 1875 singu-

558 1887 705 1928 lorum
729 1899 979 1928 consensus
1002 1888 1103 1937 fuit,
1129 1893 1199 1929 est
1219 1901 1273 1929 ac
1297 1888 1382 1929 erit
1405 1888 1687 1938 inconcusse,
1712 1888 1813 1930 Deo

557 1953 771 2006 propitio,
781 1952 828 1992 in
840 1953 1058 2003 futurum,
1068 1954 1188 2007 quod
1203 1954 1420 2007 praefatus
1437 1954 1646 1995 dominus
1659 1959 1815 1995 noster

558 2031 638 2059 rex
666 2030 804 2071 super
827 2018 1010 2072 juribus
1033 2019 1163 2072 regni
1190 2020 1261 2060 sui
1289 2019 1456 2061 Scotiae
1486 2024 1567 2061 aut
1590 2020 1693 2061 aliis
1717 2020 1813 2061 suis

558 2083 883 2137 temporalibus
923 2085 1186 2126 nullatenus
1217 2085 1497 2139 judicialiter
1541 2086 1815 2139 respondeat

558 2162 709 2190 coram
729 2149 886 2201 vobis;
921 2163 1004 2192 nec
1021 2151 1242 2205 judicium
1275 2152 1439 2193 subeat
1462 2152 1782 2205 quoquomodo
1801 2166 1812 2202 ;

558 2220 638 2256 aut
676 2215 786 2269 jura
828 2229 913 2257 sua
953 2217 1177 2270 praedicta
1219 2218 1268 2258 in
1318 2218 1502 2259 dubium
1550 2218 1814 2271 quaestionis

557 2280 771 2331 deducat,
811 2294 894 2323 nec
936 2282 993 2323 ad
1031 2283 1321 2336 praesentiam
1356 2288 1557 2325 vestram
1596 2297 1814 2337 procura-

558 2351 680 2387 tores
711 2352 793 2388 aut
822 2348 1011 2389 nuncios
1043 2349 1100 2390 ad
1132 2348 1217 2390 hoc
1240 2349 1418 2397 mittat;
1456 2350 1684 2403 praecipue
1709 2363 1811 2391 cum

556 2413 794 2465 praemissa
817 2413 1030 2455 cederent
1052 2415 1291 2456 manifeste
1321 2415 1368 2455 in
1392 2415 1814 2457 exhaeredationem

551 2478 671 2531 juris
707 2491 888 2520 coronae
920 2480 1050 2532 regni
1085 2479 1268 2533 Angliae
1303 2486 1350 2522 et
1386 2481 1524 2533 regiae
1554 2481 1810 2533 dignitatis,

558 2556 611 2584 ac
635 2545 979 2586 subversionem
1014 2549 1165 2587 status
1188 2546 1391 2600 ejusdem
1417 2547 1547 2599 regni
1570 2547 1813 2598 notoriam,

555 2623 730 2651 necnon
767 2611 814 2651 in
837 2611 1154 2665 praejudicium
1193 2610 1540 2658 ‘libertatum,’⁴
1570 2619 1814 2655 consuetu-

605 2734 613 2752 ¹
636 2737 646 2754 ‘
658 2738 773 2779 regis,’
786 2738 885 2771 MSS.
1250 2738 1262 2757 ³
1286 2739 1296 2757 ‘
1307 2739 1555 2779 exprimentia‚'
1571 2740 1646 2771 MS.
1669 2741 1815 2781 Lansd,;

1203 2787 1212 2805 ‘
1219 2796 1261 2818 ex
1271 2786 1527 2826 praeminentia,'
1537 2786 1612 2818 MS.
1620 2787 1743 2819 Cott.v
1743 2798 1814 2828 esp.

603 2825 616 2843 ²
636 2830 646 2846 ‘
659 2830 759 2870 aliis,'
775 2831 874 2862 MSS.
1248 2831 1260 2850 ⁴
1283 2832 1492 2872 ‘libertatis,'
1507 2833 1606 2864 MSS.
