2038 3306
483 315 710 348 WALTERI
744 316 806 347 DE
838 316 1216 349 HEMINGBURGH.
1388 308 1476 350 347

213 434 302 463 nus
324 420 381 462 de
411 421 633 475 Segrave,
656 420 919 463 Willelmus
938 421 1306 471 Filius-Warini‚
1334 421 1477 475 Regi-
1494 433 1616 461 samm
1634 431 1692 458 ιιι.

210 486 374 528 naldus
411 487 468 529 de
504 487 728 537 Cobham,
753 488 992 530 Walterus
1028 488 1084 530 de
1116 488 1340 542 Mannay,
1377 487 1475 529 Ro·
1514 468 1588 494 A'D'
1602 467 1676 492 ¹³³²

211 554 368 594 bertus
388 553 444 594 de
463 553 702 603 Ferrariis,
721 553 959 595 Galfridus
978 553 1034 595 de
1055 553 1218 608 Scrop,
1238 553 1267 596 J
1273 553 1477 595 ohannes

212 619 268 660 de
306 618 511 670 Norwic,
545 619 799 661 Nicholaus
841 620 898 661 de
936 619 1202 673 Cantilupo,
1238 619 1478 661 Johannes

213 685 418 739 Molyns,
450 686 706 727 Mauricius
737 685 794 727 de
817 684 1002 735 Berkle,
1023 685 1054 727 J
1058 686 1262 727 ohannes
1285 686 1342 727 de
1364 685 1478 727 Stri-

212 752 366 807 velyn,
393 751 632 794 Johannes
675 751 732 792 de
768 751 1093 805 Mongomery.
1174 751 1233 793 In
1278 751 1481 793 secunda

212 830 322 859 vero
356 818 432 859 ala
467 818 675 867 dextera,
699 817 889 858 comites
921 817 978 858 de
999 817 1159 872 Derby
1178 822 1225 859 et
1249 817 1480 868 Sothfolk,

213 883 423 925 dominus
445 884 501 925 de
514 883 652 936 Saye,
667 887 715 924 et
738 882 815 924 alii
835 883 991 936 plures
1014 883 1202 925 nobiles.
1265 883 1324 925 In
1343 884 1482 925 tertia

214 949 289 990 ala
312 950 517 999 sinistra,
540 948 731 990 comites
754 947 802 989 N
805 948 1117 1002 orthampton,
1141 948 1417 1000 Salesbiriae,
1434 954 1481 990 et

214 1014 548 1064 Pembrochiae,
579 1019 627 1055 et
658 1014 814 1055 caeteri
833 1013 1008 1055 nobiles
1028 1014 1177 1056 multi.
1254 1014 1311 1056 In
1331 1015 1481 1057 media

218 1093 326 1122 vero
347 1080 559 1123 custodia
580 1080 677 1121 sive
701 1079 799 1121 acie
822 1080 1006 1121 fuerunt
1033 1080 1236 1123 marchio
1259 1081 1315 1122 de
1340 1081 1481 1123 Bren-

214 1147 487 1200 desburghe,
529 1146 625 1187 dux
671 1145 926 1195 Gelrensis,
969 1146 1174 1188 marchio
1215 1147 1272 1188 de
1305 1146 1336 1189 J
1342 1147 1480 1197 ulers‚

214 1226 369 1255 comes
393 1213 645 1262 Moncium,
661 1211 871 1253 dominus
884 1211 914 1254 J
919 1211 1122 1254 ohannes
1140 1212 1196 1254 (18
1210 1213 1480 1263 Hannonia‚

214 1279 423 1320 dominus
450 1278 506 1320 de
530 1277 841 1327 Faucomond,
862 1278 1230 1320 constabularius
1253 1279 1480 1321 Selandiae

215 1350 262 1386 et
286 1345 552 1394 Holandiae,
576 1344 786 1385 dominus
807 1343 1071 1385 Willelmus
1093 1344 1150 1385 de
1175 1344 1352 1387 Ufford.
1422 1345 1481 1386 In

219 1411 357 1452 tertia
397 1423 506 1453 vero
560 1409 686 1451 solus
732 1410 828 1450 dux
872 1409 1140 1452 Brabantiae
1182 1423 1284 1452 cum
1346 1415 1482 1464 gente

217 1489 336 1518 sua:
369 1477 465 1517 dux
489 1488 672 1529 quoque
704 1475 986 1524 Brabantiae‚
1011 1481 1256 1529 postquam
1296 1477 1481 1518 modum

220 1541 476 1594 Anglorum
508 1546 556 1583 et
585 1540 988 1582 ‘ordinationem’¹
1020 1554 1178 1583 eorum
1206 1543 1254 1583 in
1279 1542 1376 1584 acie
1396 1555 1483 1585 sua

217 1607 422 1657 vidisset,
464 1620 640 1648 necnon
681 1606 861 1648 vultum
896 1619 1055 1648 eorum
1100 1608 1330 1662 animique
1373 1621 1483 1650 con-

216 1674 454 1723 stantiam,
475 1678 523 1714 et
558 1672 681 1726 quod
712 1672 771 1713 ad
799 1672 1098 1726 pugnandum
1128 1673 1481 1727 ‘paratissimi'‘²

216 1745 361 1789 erant,
386 1740 522 1781 laetus
555 1738 614 1780 ad
651 1750 760 1780 suos
790 1750 1045 1791 regressus,
1067 1738 1177 1781 fecit
1206 1739 1484 1793 proclamari

220 1805 344 1859 quod
385 1805 647 1860 quicunque
699 1804 756 1845 de
811 1804 908 1845 suis
957 1804 1306 1859 amplitudinem
1347 1806 1483 1847 unius

217 1871 384 1924 palmae
421 1871 477 1912 de
514 1870 687 1912 vexillo
722 1870 845 1923 regis
889 1870 1099 1912 Franciae
1142 1871 1229 1913 sibi
1271 1871 1483 1922 deferret,

220 1937 342 1978 mille
388 1937 588 1978 florenos
631 1948 715 1989 pro
768 1948 853 1976 suo
901 1935 1059 1977 labore
1111 1937 1198 1978 sibi
1240 1938 1483 1980 conferret.

222 2003 358 2045 Circa
381 2002 539 2044 horam
566 2012 636 2042 lx.
661 2013 764 2042 cum
800 2001 930 2042 miles
962 2002 1209 2055 praedictus
1243 2002 1301 2044 ad
1328 2016 1484 2056 regem

224 2069 434 2110 Franciae
457 2067 675 2116 venisset,
709 2065 869 2108 retulit
898 2066 940 2108 ei
971 2068 1201 2120 quomodo
1229 2074 1391 2122 captus
1426 2069 1485 2110 ad

219 2147 374 2186 regem
411 2132 595 2186 Angliae
636 2133 802 2174 ductus
841 2132 1008 2182 fuerat,
1048 2139 1094 2175 et
1133 2134 1220 2175 sibi
1258 2135 1400 2176 vitam
1438 2139 1486 2177 et

222 2201 426 2241 membra
446 2198 705 2241 contulerat
725 2199 811 2239 sub
843 2199 1117 2249 conditione,
1139 2206 1185 2241 et
1209 2206 1375 2242 cuncta
1404 2213 1487 2255 per

222 2266 443 2315 ordinem,
484 2266 607 2306 sicut
660 2264 882 2318 praedicta
920 2269 1044 2314 sunt,
1087 2265 1232 2307 eidem
1274 2271 1487 2319 patenter

222 2332 468 2373 enarravit.
557 2330 767 2384 Cumque
832 2331 1035 2372 seriatim
1094 2330 1263 2372 Gallici
1333 2333 1488 2374 omnia

222 2398 470 2447 audissent,
503 2401 550 2438 et
582 2396 706 2450 quod
733 2394 921 2448 Anglici
949 2397 1144 2438 animosi
1173 2403 1220 2439 et
1247 2399 1400 2451 parati
1427 2398 1486 2440 ad

222 2476 430 2517 pugnam
459 2462 626 2512 forent,
647 2462 1009 2516 perpendissent,
1031 2463 1165 2516 quasi
1195 2468 1347 2505 mente
1378 2477 1487 2505 con-

224 2530 419 2572 sternati
450 2529 667 2569 dixerunt
687 2529 807 2569 inter
829 2541 894 2578 se,
919 2532 948 2550 “
968 2529 1214 2571 Dementia
1234 2529 1395 2583 plenus
1418 2535 1490 2571 est

226 2609 310 2637 rex
332 2586 533 2648 Angliae‚
551 2595 631 2648 qui
646 2598 815 2635 terram
833 2600 1035 2635 nostram
1051 2608 1189 2636 ausus
1209 2600 1280 2637 est
1299 2596 1489 2646 intrare,

273 2722 281 2741 ¹
307 2724 316 2741 ‘
334 2721 586 2762 ordinationes‚’
623 2722 723 2754 MSS.
751 2720 839 2754 Cott.

230 2770 333 2810 Nem,
367 2769 413 2801 D.
452 2769 503 2809 ii.‚
537 2769 604 2800 and
636 2768 724 2802 Con.
748 2768 842 2800 Trin.

231 2817 272 2848 R.
289 2820 322 2857 5,
338 2819 391 2848 10.

922 2745 935 2763 ²
957 2744 967 2761 ‘
981 2741 1171 2784 potissimi,'
1180 2744 1378 2777 MSS.Cott.
1387 2745 1492 2785 Nero,

876 2791 922 2822 D.
938 2790 988 2832 ii.‚
1003 2791 1069 2822 and
1086 2790 1173 2824 Con.
1193 2791 1286 2824 Trin.
1304 2792 1345 2824 R.
1363 2795 1397 2825 6.
1415 2794 1468 2824 10.
