<?xml version="1.0" encoding="UTF-8"?>
<!DOCTYPE html PUBLIC "-//W3C//DTD XHTML 1.0 Transitional//EN"
    "http://www.w3.org/TR/xhtml1/DTD/xhtml1-transitional.dtd">
<html xmlns="http://www.w3.org/1999/xhtml" xml:lang="en" lang="en">
 <head>
  <title>
</title>
<meta http-equiv="Content-Type" content="text/html;charset=utf-8" />
  <meta name='ocr-system' content='tesseract 3.04.00' />
  <meta name='ocr-capabilities' content='ocr_page ocr_carea ocr_par ocr_line ocrx_word'/>
</head>
<body>
  <div class='ocr_page' id='page_1' title='image "./chronicondominiw02hemiuoft/chronicondominiw02hemiuoft_0276.png"; bbox 0 0 2038 3306; ppageno 0'>
   <div class='ocr_carea' id='block_1_1' title="bbox 508 304 1272 348">
    <p class='ocr_par' dir='ltr' id='par_1_1' title="bbox 508 304 1272 348">
     <span class='ocr_line' id='line_1_1' title="bbox 508 304 1272 348; baseline 0.004 -3"><span class='ocrx_word' id='word_1_1' title='bbox 508 304 595 346; x_wconf 83' lang='lat'><strong>262</strong></span> <span class='ocrx_word' id='word_1_2' title='bbox 995 316 1272 348; x_wconf 59' lang='lat' dir='ltr'><strong>canonicor«</strong></span> 
     </span>
    </p>
   </div>
   <div class='ocr_carea' id='block_1_2' title="bbox 315 420 1771 488">
    <p class='ocr_par' dir='ltr' id='par_1_2' title="bbox 315 420 1771 488">
     <span class='ocr_line' id='line_1_2' title="bbox 315 420 1771 488; baseline 0.001 -25"><span class='ocrx_word' id='word_1_3' title='bbox 315 429 484 488; x_wconf 46' lang='lat' dir='ltr'><strong>{dssfl‘ioil</strong></span> <span class='ocrx_word' id='word_1_4' title='bbox 507 421 750 476; x_wconf 81' lang='lat' dir='ltr'><strong>judicium,</strong></span> <span class='ocrx_word' id='word_1_5' title='bbox 764 421 1013 473; x_wconf 80' lang='lat' dir='ltr'><strong>agitantur.</strong></span> <span class='ocrx_word' id='word_1_6' title='bbox 1052 420 1171 462; x_wconf 84' lang='lat' dir='ltr'><strong>Item</strong></span> <span class='ocrx_word' id='word_1_7' title='bbox 1183 422 1771 476; x_wconf 75' lang='lat' dir='ltr'><strong>de‘indistincte&#39;¹legati5‚</strong></span> 
     </span>
    </p>
   </div>
   <div class='ocr_carea' id='block_1_3' title="bbox 300 487 1770 542">
    <p class='ocr_par' dir='ltr' id='par_1_3' title="bbox 300 487 1770 542">
     <span class='ocr_line' id='line_1_3' title="bbox 300 487 1770 542; baseline -0.001 -12"><span class='ocrx_word' id='word_1_8' title='bbox 300 501 462 542; x_wconf 50' lang='lat' dir='ltr'><strong>„mmm</strong></span> <span class='ocrx_word' id='word_1_9' title='bbox 505 494 619 541; x_wconf 72' lang='lat' dir='ltr'><strong>‘quae</strong></span> <span class='ocrx_word' id='word_1_10' title='bbox 639 492 750 528; x_wconf 83' lang='lat' dir='ltr'><strong>sunt</strong></span> <span class='ocrx_word' id='word_1_11' title='bbox 773 487 1031 540; x_wconf 85' lang='lat' dir='ltr'><strong>approbata</strong></span> <span class='ocrx_word' id='word_1_12' title='bbox 1054 491 1148 529; x_wconf 87' lang='lat' dir='ltr'><strong>tam</strong></span> <span class='ocrx_word' id='word_1_13' title='bbox 1180 487 1237 529; x_wconf 92' lang='lat' dir='ltr'><strong>de</strong></span> <span class='ocrx_word' id='word_1_14' title='bbox 1260 487 1366 542; x_wconf 86' lang='lat' dir='ltr'><strong>jure</strong></span> <span class='ocrx_word' id='word_1_15' title='bbox 1389 489 1611 530; x_wconf 87' lang='lat' dir='ltr'><strong>canonico</strong></span> <span class='ocrx_word' id='word_1_16' title='bbox 1632 500 1770 542; x_wconf 86' lang='lat' dir='ltr'><strong>quam</strong></span> 
     </span>
    </p>
   </div>
   <div class='ocr_carea' id='block_1_4' title="bbox 300 549 1770 615">
    <p class='ocr_par' dir='ltr' id='par_1_4' title="bbox 300 549 1770 615">
     <span class='ocr_line' id='line_1_4' title="bbox 300 549 1770 615; baseline 0.01 -31"><span class='ocrx_word' id='word_1_17' title='bbox 300 549 493 615; x_wconf 53' lang='lat'><strong>332135932212</strong></span> <span class='ocrx_word' id='word_1_18' title='bbox 517 553 641 598; x_wconf 75' lang='lat' dir='ltr'><strong>civili</strong></span> <span class='ocrx_word' id='word_1_19' title='bbox 661 556 674 576; x_wconf 80' lang='lat'>‘</span> <span class='ocrx_word' id='word_1_20' title='bbox 691 565 796 606; x_wconf 83' lang='lat' dir='ltr'><strong>quae</strong></span> <span class='ocrx_word' id='word_1_21' title='bbox 810 550 850 573; x_wconf 75' lang='lat'><strong>&#39;2</strong></span> <span class='ocrx_word' id='word_1_22' title='bbox 871 551 982 597; x_wconf 87' lang='lat' dir='ltr'><strong>dicti</strong></span> <span class='ocrx_word' id='word_1_23' title='bbox 1004 551 1156 595; x_wconf 88' lang='lat' dir='ltr'><strong>clerici</strong></span> <span class='ocrx_word' id='word_1_24' title='bbox 1179 552 1352 596; x_wconf 87' lang='lat' dir='ltr'><strong>domini</strong></span> <span class='ocrx_word' id='word_1_25' title='bbox 1371 566 1506 607; x_wconf 81' lang='lat' dir='ltr'><strong>papae</strong></span> <span class='ocrx_word' id='word_1_26' title='bbox 1523 554 1661 607; x_wconf 84' lang='lat' dir='ltr'><strong>impie</strong></span> <span class='ocrx_word' id='word_1_27' title='bbox 1682 554 1770 594; x_wconf 83' lang='lat' dir='ltr'><strong>sibi</strong></span> 
     </span>
    </p>
   </div>
   <div class='ocr_carea' id='block_1_5' title="bbox 303 615 1782 2311">
    <p class='ocr_par' dir='ltr' id='par_1_5' title="bbox 303 615 1782 2311">
     <span class='ocr_line' id='line_1_5' title="bbox 303 615 1769 674; baseline 0 -14"><span class='ocrx_word' id='word_1_28' title='bbox 303 615 492 674; x_wconf 48' lang='lat' dir='ltr'><strong>{gssssfg&#39;gg</strong></span> <span class='ocrx_word' id='word_1_29' title='bbox 520 619 816 672; x_wconf 81' lang='lat' dir='ltr'><strong>appropriare</strong></span> <span class='ocrx_word' id='word_1_30' title='bbox 841 618 1066 667; x_wconf 81' lang='lat' dir='ltr'><strong>nituntur,</strong></span> <span class='ocrx_word' id='word_1_31' title='bbox 1090 622 1137 662; x_wconf 79' lang='lat' dir='ltr'><strong>et</strong></span> <span class='ocrx_word' id='word_1_32' title='bbox 1166 617 1214 659; x_wconf 89' lang='lat' dir='ltr'><strong>in</strong></span> <span class='ocrx_word' id='word_1_33' title='bbox 1247 630 1358 661; x_wconf 80' lang='lat' dir='ltr'><strong>usus</strong></span> <span class='ocrx_word' id='word_1_34' title='bbox 1391 618 1504 672; x_wconf 84' lang='lat' dir='ltr'><strong>ipsis</strong></span> <span class='ocrx_word' id='word_1_35' title='bbox 1529 619 1769 668; x_wconf 49' lang='lat' dir='ltr'><strong>defuncti&amp;</strong></span> 
     </span>
     <span class='ocr_line' id='line_1_6' title="bbox 520 682 1771 738; baseline 0 -13"><span class='ocrx_word' id='word_1_36' title='bbox 520 696 714 738; x_wconf 88' lang='lat' dir='ltr'><strong>quorum</strong></span> <span class='ocrx_word' id='word_1_37' title='bbox 763 684 884 726; x_wconf 81' lang='lat' dir='ltr'><strong>hona</strong></span> <span class='ocrx_word' id='word_1_38' title='bbox 931 682 1128 733; x_wconf 80' lang='lat' dir='ltr'><strong>fuerant,</strong></span> <span class='ocrx_word' id='word_1_39' title='bbox 1152 683 1372 728; x_wconf 64' lang='lat' dir='ltr'><strong>[minime</strong></span> <span class='ocrx_word' id='word_1_40' title='bbox 1413 687 1427 706; x_wconf 86' lang='lat'>‘</span> <span class='ocrx_word' id='word_1_41' title='bbox 1445 683 1738 737; x_wconf 83' lang='lat' dir='ltr'><strong>profuturos,&#39;</strong></span> <span class='ocrx_word' id='word_1_42' title='bbox 1754 682 1771 705; x_wconf 85' lang='lat'><strong>³</strong></span> 
     </span>
     <span class='ocr_line' id='line_1_7' title="bbox 520 748 1770 802; baseline -0.002 -11"><span class='ocrx_word' id='word_1_43' title='bbox 520 755 802 798; x_wconf 82' lang='lat' dir='ltr'><strong>convertere,</strong></span> <span class='ocrx_word' id='word_1_44' title='bbox 824 754 986 791; x_wconf 82' lang='lat' dir='ltr'><strong>contra</strong></span> <span class='ocrx_word' id='word_1_45' title='bbox 1010 748 1291 794; x_wconf 68' lang='lat' dir='ltr'><strong>,voluntatem</strong></span> <span class='ocrx_word' id='word_1_46' title='bbox 1309 749 1559 802; x_wconf 79' lang='lat' dir='ltr'><strong>piissimam</strong></span> <span class='ocrx_word' id='word_1_47' title='bbox 1582 748 1770 790; x_wconf 87' lang='lat' dir='ltr'><strong>defunc-</strong></span> 
     </span>
     <span class='ocr_line' id='line_1_8' title="bbox 521 813 1773 861; baseline -0.002 -5"><span class='ocrx_word' id='word_1_48' title='bbox 521 821 691 859; x_wconf 77' lang='lat' dir='ltr'><strong>torum..</strong></span> <span class='ocrx_word' id='word_1_49' title='bbox 738 814 865 861; x_wconf 78' lang='lat' dir='ltr'><strong>Item</strong></span> <span class='ocrx_word' id='word_1_50' title='bbox 891 827 996 860; x_wconf 88' lang='lat' dir='ltr'><strong>cum</strong></span> <span class='ocrx_word' id='word_1_51' title='bbox 1027 814 1238 858; x_wconf 84' lang='lat' dir='ltr'><strong>Romana</strong></span> <span class='ocrx_word' id='word_1_52' title='bbox 1265 814 1459 859; x_wconf 84' lang='lat' dir='ltr'><strong>ecclesia</strong></span> <span class='ocrx_word' id='word_1_53' title='bbox 1484 827 1625 856; x_wconf 90' lang='lat' dir='ltr'><strong>unum</strong></span> <span class='ocrx_word' id='word_1_54' title='bbox 1656 813 1773 855; x_wconf 89' lang='lat' dir='ltr'><strong>dun-</strong></span> 
     </span>
     <span class='ocr_line' id='line_1_9' title="bbox 522 879 1774 934; baseline -0.005 -8"><span class='ocrx_word' id='word_1_55' title='bbox 522 886 655 926; x_wconf 80' lang='lat' dir='ltr'><strong>taxat</strong></span> <span class='ocrx_word' id='word_1_56' title='bbox 691 880 904 925; x_wconf 84' lang='lat' dir='ltr'><strong>clericum</strong></span> <span class='ocrx_word' id='word_1_57' title='bbox 947 890 1030 934; x_wconf 88' lang='lat' dir='ltr'><strong>pro</strong></span> <span class='ocrx_word' id='word_1_58' title='bbox 1082 880 1177 924; x_wconf 87' lang='lat' dir='ltr'><strong>suis</strong></span> <span class='ocrx_word' id='word_1_59' title='bbox 1228 880 1424 933; x_wconf 79' lang='lat' dir='ltr'><strong>negotiis</strong></span> <span class='ocrx_word' id='word_1_60' title='bbox 1466 879 1686 922; x_wconf 86' lang='lat' dir='ltr'><strong>hactenus</strong></span> <span class='ocrx_word' id='word_1_61' title='bbox 1725 879 1774 920; x_wconf 91' lang='lat' dir='ltr'><strong>in</strong></span> 
     </span>
     <span class='ocr_line' id='line_1_10' title="bbox 522 944 1774 1000; baseline -0.004 -10"><span class='ocrx_word' id='word_1_62' title='bbox 522 946 886 1000; x_wconf 11' lang='lat' dir='ltr'><strong>Angliarhabere</strong></span> <span class='ocrx_word' id='word_1_63' title='bbox 905 950 1222 995; x_wconf 79' lang='lat' dir='ltr'><strong>consueverat,</strong></span> <span class='ocrx_word' id='word_1_64' title='bbox 1238 946 1298 987; x_wconf 84' lang='lat' dir='ltr'><strong>ad</strong></span> <span class='ocrx_word' id='word_1_65' title='bbox 1319 958 1548 999; x_wconf 82' lang='lat' dir='ltr'><strong>expensas</strong></span> <span class='ocrx_word' id='word_1_66' title='bbox 1568 944 1774 987; x_wconf 74' lang='lat' dir='ltr'><strong>ecclesiae</strong></span> 
     </span>
     <span class='ocr_line' id='line_1_11' title="bbox 524 1011 1778 1066; baseline -0.001 -13"><span class='ocrx_word' id='word_1_67' title='bbox 524 1011 811 1065; x_wconf 80' lang='lat' dir='ltr'><strong>Anglicanae,</strong></span> <span class='ocrx_word' id='word_1_68' title='bbox 874 1012 1086 1057; x_wconf 77' lang='lat' dir='ltr'><strong>dominus</strong></span> <span class='ocrx_word' id='word_1_69' title='bbox 1142 1024 1264 1065; x_wconf 83' lang='lat' dir='ltr'><strong>papa</strong></span> <span class='ocrx_word' id='word_1_70' title='bbox 1312 1011 1428 1066; x_wconf 87' lang='lat' dir='ltr'><strong>jam,</strong></span> <span class='ocrx_word' id='word_1_71' title='bbox 1484 1017 1536 1053; x_wconf 92' lang='lat' dir='ltr'><strong>ut</strong></span> <span class='ocrx_word' id='word_1_72' title='bbox 1590 1011 1778 1060; x_wconf 83' lang='lat' dir='ltr'><strong>dicitur,</strong></span> 
     </span>
     <span class='ocr_line' id='line_1_12' title="bbox 524 1076 1773 1131; baseline -0.001 -13"><span class='ocrx_word' id='word_1_73' title='bbox 524 1082 721 1131; x_wconf 85' lang='lat' dir='ltr'><strong>quatuor</strong></span> <span class='ocrx_word' id='word_1_74' title='bbox 773 1077 963 1121; x_wconf 84' lang='lat' dir='ltr'><strong>clericos</strong></span> <span class='ocrx_word' id='word_1_75' title='bbox 1024 1077 1269 1127; x_wconf 85' lang='lat' dir='ltr'><strong>ordinavit,</strong></span> <span class='ocrx_word' id='word_1_76' title='bbox 1325 1077 1491 1131; x_wconf 89' lang='lat' dir='ltr'><strong>quibus</strong></span> <span class='ocrx_word' id='word_1_77' title='bbox 1542 1076 1773 1130; x_wconf 85' lang='lat' dir='ltr'><strong>oportebit</strong></span> 
     </span>
     <span class='ocr_line' id='line_1_13' title="bbox 523 1142 1774 1195; baseline -0.002 -11"><span class='ocrx_word' id='word_1_78' title='bbox 523 1143 762 1186; x_wconf 83' lang='lat' dir='ltr'><strong>ecclesiam</strong></span> <span class='ocrx_word' id='word_1_79' title='bbox 800 1142 1119 1195; x_wconf 66' lang='lat' dir='ltr'><strong>Anglicanam,</strong></span> <span class='ocrx_word' id='word_1_80' title='bbox 1155 1143 1279 1184; x_wconf 81' lang='lat' dir='ltr'><strong>ultra</strong></span> <span class='ocrx_word' id='word_1_81' title='bbox 1310 1142 1548 1195; x_wconf 82' lang='lat' dir='ltr'><strong>antiquam</strong></span> <span class='ocrx_word' id='word_1_82' title='bbox 1585 1153 1774 1183; x_wconf 86' lang='lat' dir='ltr'><strong>consue-</strong></span> 
     </span>
     <span class='ocr_line' id='line_1_14' title="bbox 522 1204 1774 1261; baseline -0.001 -13"><span class='ocrx_word' id='word_1_83' title='bbox 522 1208 744 1257; x_wconf 74' lang='lat' dir='ltr'><strong>tudinem,</strong></span> <span class='ocrx_word' id='word_1_84' title='bbox 786 1212 1003 1261; x_wconf 50' lang='lat' dir='ltr'><strong>„sumptus</strong></span> <span class='ocrx_word' id='word_1_85' title='bbox 1044 1220 1136 1251; x_wconf 83' lang='lat' dir='ltr'><strong>non</strong></span> <span class='ocrx_word' id='word_1_86' title='bbox 1180 1207 1382 1249; x_wconf 85' lang='lat' dir='ltr'><strong>modic-os</strong></span> <span class='ocrx_word' id='word_1_87' title='bbox 1425 1211 1438 1229; x_wconf 92' lang='lat'>‘</span> <span class='ocrx_word' id='word_1_88' title='bbox 1455 1204 1774 1248; x_wconf 82' lang='lat' dir='ltr'><strong>ministrare.&#39;⁴</strong></span> 
     </span>
     <span class='ocr_line' id='line_1_15' title="bbox 524 1273 1776 1326; baseline -0.002 -12"><span class='ocrx_word' id='word_1_89' title='bbox 524 1273 671 1326; x_wconf 83' lang='lat' dir='ltr'><strong>Super</strong></span> <span class='ocrx_word' id='word_1_90' title='bbox 711 1273 877 1326; x_wconf 86' lang='lat' dir='ltr'><strong>quibus</strong></span> <span class='ocrx_word' id='word_1_91' title='bbox 917 1273 1280 1326; x_wconf 76' lang='lat' dir='ltr'><strong>oppressionum,</strong></span> <span class='ocrx_word' id='word_1_92' title='bbox 1321 1273 1655 1325; x_wconf 84' lang='lat' dir='ltr'><strong>gravaminum,</strong></span> <span class='ocrx_word' id='word_1_93' title='bbox 1693 1284 1776 1313; x_wconf 87' lang='lat' dir='ltr'><strong>ex·</strong></span> 
     </span>
     <span class='ocr_line' id='line_1_16' title="bbox 524 1337 1774 1392; baseline -0.001 -13"><span class='ocrx_word' id='word_1_94' title='bbox 524 1339 778 1381; x_wconf 88' lang='lat' dir='ltr'><strong>torsionum</strong></span> <span class='ocrx_word' id='word_1_95' title='bbox 841 1342 887 1380; x_wconf 88' lang='lat' dir='ltr'><strong>et</strong></span> <span class='ocrx_word' id='word_1_96' title='bbox 946 1338 1217 1392; x_wconf 84' lang='lat' dir='ltr'><strong>injuriarum</strong></span> <span class='ocrx_word' id='word_1_97' title='bbox 1281 1338 1503 1388; x_wconf 82' lang='lat' dir='ltr'><strong>articulis,</strong></span> <span class='ocrx_word' id='word_1_98' title='bbox 1553 1337 1774 1392; x_wconf 71' lang='lat' dir='ltr'><strong>praefatus</strong></span> 
     </span>
     <span class='ocr_line' id='line_1_17' title="bbox 525 1401 1776 1457; baseline -0.002 -12"><span class='ocrx_word' id='word_1_99' title='bbox 525 1407 537 1425; x_wconf 91' lang='lat'>‘</span> <span class='ocrx_word' id='word_1_100' title='bbox 559 1403 817 1445; x_wconf 90' lang='lat' dir='ltr'><strong>Willelmus</strong></span> <span class='ocrx_word' id='word_1_101' title='bbox 832 1401 872 1427; x_wconf 84' lang='lat'><strong>&#39;⁵</strong></span> <span class='ocrx_word' id='word_1_102' title='bbox 895 1403 1054 1454; x_wconf 87' lang='lat' dir='ltr'><strong>Testa,</strong></span> <span class='ocrx_word' id='word_1_103' title='bbox 1078 1409 1307 1457; x_wconf 89' lang='lat' dir='ltr'><strong>quatenus</strong></span> <span class='ocrx_word' id='word_1_104' title='bbox 1321 1403 1471 1457; x_wconf 88' lang='lat' dir='ltr'><strong>ipsum</strong></span> <span class='ocrx_word' id='word_1_105' title='bbox 1488 1403 1776 1456; x_wconf 77' lang='lat' dir='ltr'><strong>contingunt,</strong></span> 
     </span>
     <span class='ocr_line' id='line_1_18' title="bbox 523 1462 1778 1523; baseline 0 -13"><span class='ocrx_word' id='word_1_106' title='bbox 523 1469 569 1510; x_wconf 91' lang='lat' dir='ltr'><strong>in</strong></span> <span class='ocrx_word' id='word_1_107' title='bbox 587 1470 724 1523; x_wconf 88' lang='lat' dir='ltr'><strong>pleno</strong></span> <span class='ocrx_word' id='word_1_108' title='bbox 740 1469 1040 1523; x_wconf 82' lang='lat' dir='ltr'><strong>parliamento</strong></span> <span class='ocrx_word' id='word_1_109' title='bbox 1061 1469 1281 1523; x_wconf 80' lang='lat' dir='ltr'><strong>praedicto</strong></span> <span class='ocrx_word' id='word_1_110' title='bbox 1296 1469 1524 1513; x_wconf 88' lang='lat' dir='ltr'><strong>allocutus</strong></span> <span class='ocrx_word' id='word_1_111' title='bbox 1543 1462 1778 1518; x_wconf 83' lang='lat' dir='ltr'><strong>‘extitit,’⁶</strong></span> 
     </span>
     <span class='ocr_line' id='line_1_19' title="bbox 524 1534 1776 1589; baseline -0.001 -13"><span class='ocrx_word' id='word_1_112' title='bbox 524 1548 607 1576; x_wconf 90' lang='lat' dir='ltr'><strong>nec</strong></span> <span class='ocrx_word' id='word_1_113' title='bbox 650 1535 755 1576; x_wconf 89' lang='lat' dir='ltr'><strong>inde</strong></span> <span class='ocrx_word' id='word_1_114' title='bbox 797 1548 846 1576; x_wconf 88' lang='lat' dir='ltr'><strong>se</strong></span> <span class='ocrx_word' id='word_1_115' title='bbox 886 1535 1037 1588; x_wconf 91' lang='lat' dir='ltr'><strong>potuit</strong></span> <span class='ocrx_word' id='word_1_116' title='bbox 1086 1535 1350 1589; x_wconf 82' lang='lat' dir='ltr'><strong>aliqualiter</strong></span> <span class='ocrx_word' id='word_1_117' title='bbox 1403 1548 1643 1585; x_wconf 86' lang='lat' dir='ltr'><strong>excusare,</strong></span> <span class='ocrx_word' id='word_1_118' title='bbox 1688 1534 1776 1575; x_wconf 88' lang='lat' dir='ltr'><strong>nisi</strong></span> 
     </span>
     <span class='ocr_line' id='line_1_20' title="bbox 526 1600 1776 1654; baseline -0.002 -12"><span class='ocrx_word' id='word_1_119' title='bbox 526 1606 704 1642; x_wconf 83' lang='lat' dir='ltr'><strong>tantum</strong></span> <span class='ocrx_word' id='word_1_120' title='bbox 724 1600 844 1654; x_wconf 88' lang='lat' dir='ltr'><strong>quod</strong></span> <span class='ocrx_word' id='word_1_121' title='bbox 869 1601 987 1643; x_wconf 81' lang='lat' dir='ltr'><strong>dixit</strong></span> <span class='ocrx_word' id='word_1_122' title='bbox 1007 1600 1127 1654; x_wconf 92' lang='lat' dir='ltr'><strong>quod</strong></span> <span class='ocrx_word' id='word_1_123' title='bbox 1152 1601 1428 1643; x_wconf 89' lang='lat' dir='ltr'><strong>auctoritate</strong></span> <span class='ocrx_word' id='word_1_124' title='bbox 1448 1601 1619 1642; x_wconf 89' lang='lat' dir='ltr'><strong>domini</strong></span> <span class='ocrx_word' id='word_1_125' title='bbox 1641 1612 1776 1654; x_wconf 86' lang='lat' dir='ltr'><strong>papae</strong></span> 
     </span>
     <span class='ocr_line' id='line_1_21' title="bbox 527 1664 1778 1720; baseline 0 -14"><span class='ocrx_word' id='word_1_126' title='bbox 527 1666 764 1718; x_wconf 63' lang='lat' dir='ltr'><strong>praemissa</strong></span> <span class='ocrx_word' id='word_1_127' title='bbox 814 1665 963 1707; x_wconf 84' lang='lat' dir='ltr'><strong>fuerat</strong></span> <span class='ocrx_word' id='word_1_128' title='bbox 1003 1670 1014 1688; x_wconf 80' lang='lat'><strong><em>⁴</em></strong></span> <span class='ocrx_word' id='word_1_129' title='bbox 1032 1664 1323 1709; x_wconf 82' lang='lat' dir='ltr'><strong>assecutus.’⁷</strong></span> <span class='ocrx_word' id='word_1_130' title='bbox 1415 1667 1476 1708; x_wconf 91' lang='lat' dir='ltr'><strong>Et</strong></span> <span class='ocrx_word' id='word_1_131' title='bbox 1514 1665 1623 1720; x_wconf 58' lang='lat' dir='ltr'><strong>&amp;luia</strong></span> <span class='ocrx_word' id='word_1_132' title='bbox 1654 1665 1778 1706; x_wconf 87' lang='lat' dir='ltr'><strong>facta</strong></span> 
     </span>
     <span class='ocr_line' id='line_1_22' title="bbox 526 1730 1775 1785; baseline 0 -13"><span class='ocrx_word' id='word_1_133' title='bbox 526 1731 736 1784; x_wconf 83' lang='lat' dir='ltr'><strong>magistri</strong></span> <span class='ocrx_word' id='word_1_134' title='bbox 760 1730 980 1772; x_wconf 90' lang='lat' dir='ltr'><strong>Willelmi</strong></span> <span class='ocrx_word' id='word_1_135' title='bbox 1006 1731 1150 1774; x_wconf 89' lang='lat' dir='ltr'><strong>Testa</strong></span> <span class='ocrx_word' id='word_1_136' title='bbox 1175 1732 1223 1772; x_wconf 91' lang='lat' dir='ltr'><strong>in</strong></span> <span class='ocrx_word' id='word_1_137' title='bbox 1255 1733 1501 1785; x_wconf 72' lang='lat' dir='ltr'><strong>praemissis</strong></span> <span class='ocrx_word' id='word_1_138' title='bbox 1525 1732 1565 1773; x_wconf 92' lang='lat' dir='ltr'><strong>si</strong></span> <span class='ocrx_word' id='word_1_139' title='bbox 1591 1731 1775 1773; x_wconf 86' lang='lat' dir='ltr'><strong>tollera-</strong></span> 
     </span>
     <span class='ocr_line' id='line_1_23' title="bbox 528 1796 1778 1841; baseline 0.002 -5"><span class='ocrx_word' id='word_1_140' title='bbox 528 1802 685 1838; x_wconf 82' lang='lat' dir='ltr'><strong>rentur</strong></span> <span class='ocrx_word' id='word_1_141' title='bbox 714 1797 953 1839; x_wconf 79' lang='lat' dir='ltr'><strong>manifeste</strong></span> <span class='ocrx_word' id='word_1_142' title='bbox 982 1797 1197 1841; x_wconf 80' lang='lat' dir='ltr'><strong>cederent</strong></span> <span class='ocrx_word' id='word_1_143' title='bbox 1224 1797 1271 1839; x_wconf 94' lang='lat' dir='ltr'><strong>in</strong></span> <span class='ocrx_word' id='word_1_144' title='bbox 1300 1796 1443 1840; x_wconf 89' lang='lat' dir='ltr'><strong>divini</strong></span> <span class='ocrx_word' id='word_1_145' title='bbox 1473 1798 1625 1839; x_wconf 89' lang='lat' dir='ltr'><strong>cultus</strong></span> <span class='ocrx_word' id='word_1_146' title='bbox 1647 1797 1778 1838; x_wconf 91' lang='lat' dir='ltr'><strong>dimi-</strong></span> 
     </span>
     <span class='ocr_line' id='line_1_24' title="bbox 529 1861 1778 1915; baseline 0.002 -13"><span class='ocrx_word' id='word_1_147' title='bbox 529 1862 776 1912; x_wconf 86' lang='lat' dir='ltr'><strong>nutionem,</strong></span> <span class='ocrx_word' id='word_1_148' title='bbox 815 1867 862 1907; x_wconf 77' lang='lat' dir='ltr'><strong>et</strong></span> <span class='ocrx_word' id='word_1_149' title='bbox 914 1862 1120 1905; x_wconf 74' lang='lat' dir='ltr'><strong>ecclesiae</strong></span> <span class='ocrx_word' id='word_1_150' title='bbox 1169 1861 1440 1915; x_wconf 85' lang='lat' dir='ltr'><strong>Anglicanae</strong></span> <span class='ocrx_word' id='word_1_151' title='bbox 1485 1867 1497 1885; x_wconf 96' lang='lat'>‘</span> <span class='ocrx_word' id='word_1_152' title='bbox 1520 1863 1778 1905; x_wconf 80' lang='lat' dir='ltr'><strong>extenuati-</strong></span> 
     </span>
     <span class='ocr_line' id='line_1_25' title="bbox 529 1927 1781 1982; baseline 0.001 -14"><span class='ocrx_word' id='word_1_153' title='bbox 529 1940 659 1968; x_wconf 85' lang='lat' dir='ltr'><strong>onem</strong></span> <span class='ocrx_word' id='word_1_154' title='bbox 674 1940 686 1969; x_wconf 79' lang='lat'>:</span> <span class='ocrx_word' id='word_1_155' title='bbox 702 1927 738 1949; x_wconf 77' lang='lat'><strong>’⁸</strong></span> <span class='ocrx_word' id='word_1_156' title='bbox 798 1931 999 1969; x_wconf 88' lang='lat' dir='ltr'><strong>‘necnon</strong></span> <span class='ocrx_word' id='word_1_157' title='bbox 1048 1928 1095 1969; x_wconf 90' lang='lat' dir='ltr'><strong>in</strong></span> <span class='ocrx_word' id='word_1_158' title='bbox 1148 1927 1480 1982; x_wconf 75' lang='lat' dir='ltr'><strong>praejudicium,</strong></span> <span class='ocrx_word' id='word_1_159' title='bbox 1531 1929 1781 1979; x_wconf 84' lang='lat' dir='ltr'><strong>laesionem,</strong></span> 
     </span>
     <span class='ocr_line' id='line_1_26' title="bbox 530 1992 1780 2049; baseline 0.002 -16"><span class='ocrx_word' id='word_1_160' title='bbox 530 1992 943 2037; x_wconf 75' lang='lat' dir='ltr'><strong>exhaeredationem</strong></span> <span class='ocrx_word' id='word_1_161' title='bbox 959 2005 1156 2043; x_wconf 84' lang='lat' dir='ltr'><strong>coronae,</strong></span> <span class='ocrx_word' id='word_1_162' title='bbox 1175 1995 1435 2047; x_wconf 85' lang='lat' dir='ltr'><strong>potestatis,</strong></span> <span class='ocrx_word' id='word_1_163' title='bbox 1445 1994 1780 2049; x_wconf 82' lang='lat' dir='ltr'><strong>jurisdictionis</strong></span> 
     </span>
     <span class='ocr_line' id='line_1_27' title="bbox 530 2058 1781 2114; baseline 0.001 -15"><span class='ocrx_word' id='word_1_164' title='bbox 530 2062 576 2100; x_wconf 92' lang='lat' dir='ltr'><strong>et</strong></span> <span class='ocrx_word' id='word_1_165' title='bbox 604 2058 842 2111; x_wconf 83' lang='lat' dir='ltr'><strong>dign-itatis</strong></span> <span class='ocrx_word' id='word_1_166' title='bbox 868 2058 1009 2111; x_wconf 85' lang='lat' dir='ltr'><strong>regiae</strong></span> <span class='ocrx_word' id='word_1_167' title='bbox 1037 2058 1325 2112; x_wconf 84' lang='lat' dir='ltr'><strong>Anglicanae,</strong></span> <span class='ocrx_word' id='word_1_168' title='bbox 1349 2060 1781 2114; x_wconf 84' lang='lat' dir='ltr'><strong>depauperationem</strong></span> 
     </span>
     <span class='ocr_line' id='line_1_28' title="bbox 529 2122 1782 2179; baseline 0.002 -15"><span class='ocrx_word' id='word_1_169' title='bbox 529 2129 576 2165; x_wconf 91' lang='lat' dir='ltr'><strong>et</strong></span> <span class='ocrx_word' id='word_1_170' title='bbox 597 2123 950 2169; x_wconf 74' lang='lat' dir='ltr'><strong>destructionem</strong></span> <span class='ocrx_word' id='word_1_171' title='bbox 966 2122 1002 2150; x_wconf 82' lang='lat'><strong>&#39;9</strong></span> <span class='ocrx_word' id='word_1_172' title='bbox 1021 2124 1161 2166; x_wconf 89' lang='lat' dir='ltr'><strong>totius</strong></span> <span class='ocrx_word' id='word_1_173' title='bbox 1177 2126 1517 2168; x_wconf 85' lang='lat' dir='ltr'><strong>communitatis</strong></span> <span class='ocrx_word' id='word_1_174' title='bbox 1535 2125 1782 2179; x_wconf 73' lang='lat' dir='ltr'><strong>praedictae,</strong></span> 
     </span>
     <span class='ocr_line' id='line_1_29' title="bbox 530 2189 1782 2246; baseline 0.001 -16"><span class='ocrx_word' id='word_1_175' title='bbox 530 2202 583 2230; x_wconf 84' lang='lat' dir='ltr'><strong>ac</strong></span> <span class='ocrx_word' id='word_1_176' title='bbox 606 2194 755 2231; x_wconf 85' lang='lat' dir='ltr'><strong>status</strong></span> <span class='ocrx_word' id='word_1_177' title='bbox 775 2189 919 2243; x_wconf 84' lang='lat' dir='ltr'><strong>regni,</strong></span> <span class='ocrx_word' id='word_1_178' title='bbox 938 2190 1090 2243; x_wconf 85' lang='lat' dir='ltr'><strong>legum</strong></span> <span class='ocrx_word' id='word_1_179' title='bbox 1111 2195 1157 2232; x_wconf 93' lang='lat' dir='ltr'><strong>et</strong></span> <span class='ocrx_word' id='word_1_180' title='bbox 1176 2192 1554 2246; x_wconf 84' lang='lat' dir='ltr'><strong>consuetudinum</strong></span> <span class='ocrx_word' id='word_1_181' title='bbox 1578 2191 1782 2246; x_wconf 89' lang='lat' dir='ltr'><strong>ejusdem</strong></span> 
     </span>
     <span class='ocr_line' id='line_1_30' title="bbox 529 2255 1782 2311; baseline 0.002 -15"><span class='ocrx_word' id='word_1_182' title='bbox 529 2255 888 2305; x_wconf 86' lang='lat' dir='ltr'><strong>subversionem,</strong></span> <span class='ocrx_word' id='word_1_183' title='bbox 920 2255 1042 2309; x_wconf 89' lang='lat' dir='ltr'><strong>quod</strong></span> <span class='ocrx_word' id='word_1_184' title='bbox 1082 2256 1218 2307; x_wconf 86' lang='lat' dir='ltr'><strong>absit,</strong></span> <span class='ocrx_word' id='word_1_185' title='bbox 1247 2263 1533 2311; x_wconf 83' lang='lat' dir='ltr'><strong>perpetuam,</strong></span> <span class='ocrx_word' id='word_1_186' title='bbox 1571 2263 1617 2299; x_wconf 92' lang='lat' dir='ltr'><strong>et</strong></span> <span class='ocrx_word' id='word_1_187' title='bbox 1662 2257 1782 2298; x_wconf 89' lang='lat' dir='ltr'><strong>unde</strong></span> 
     </span>
    </p>
   </div>
   <div class='ocr_carea' id='block_1_6' title="bbox 343 497 495 504">
    <p class='ocr_par' dir='ltr' id='par_1_6' title="bbox 343 497 495 504">
     <span class='ocr_line' id='line_1_31' title="bbox 343 497 495 504; baseline 0 2802"><span class='ocrx_word' id='word_1_188' title='bbox 343 497 495 504; x_wconf 95' lang='lat' dir='ltr'><strong> </strong></span> 
     </span>
    </p>
   </div>
   <div class='ocr_carea' id='block_1_7' title="bbox 571 2387 1786 2523">
    <p class='ocr_par' dir='ltr' id='par_1_7' title="bbox 571 2387 1786 2523">
     <span class='ocr_line' id='line_1_32' title="bbox 574 2387 1786 2431; baseline 0.001 -11"><span class='ocrx_word' id='word_1_189' title='bbox 574 2387 582 2405; x_wconf 88' lang='lat'><strong>¹</strong></span> <span class='ocrx_word' id='word_1_190' title='bbox 606 2389 616 2406; x_wconf 89' lang='lat'>‘</span> <span class='ocrx_word' id='word_1_191' title='bbox 629 2388 809 2428; x_wconf 54' lang='lat' dir='ltr'><strong>illSfiUCtssn&#39;</strong></span> <span class='ocrx_word' id='word_1_192' title='bbox 824 2389 898 2428; x_wconf 63' lang='lat' dir='ltr'><strong>MS,</strong></span> <span class='ocrx_word' id='word_1_193' title='bbox 916 2389 1041 2426; x_wconf 73' lang='lat' dir='ltr'><strong>Lansd,</strong></span> <span class='ocrx_word' id='word_1_194' title='bbox 1174 2390 1277 2425; x_wconf 81' lang='lat' dir='ltr'><strong>larem</strong></span> <span class='ocrx_word' id='word_1_195' title='bbox 1293 2391 1491 2431; x_wconf 84' lang='lat' dir='ltr'><strong>principem,</strong></span> <span class='ocrx_word' id='word_1_196' title='bbox 1506 2395 1539 2422; x_wconf 87' lang='lat' dir='ltr'><strong>et</strong></span> <span class='ocrx_word' id='word_1_197' title='bbox 1555 2391 1663 2430; x_wconf 79' lang='lat' dir='ltr'><strong>ipsius</strong></span> <span class='ocrx_word' id='word_1_198' title='bbox 1678 2390 1786 2422; x_wconf 88' lang='lat' dir='ltr'><strong>consi·</strong></span> 
     </span>
     <span class='ocr_line' id='line_1_33' title="bbox 571 2434 1785 2477; baseline 0.001 -12"><span class='ocrx_word' id='word_1_199' title='bbox 571 2434 585 2452; x_wconf 73' lang='lat'>⁹</span> <span class='ocrx_word' id='word_1_200' title='bbox 607 2435 660 2465; x_wconf 84' lang='lat' dir='ltr'><strong>‘et</strong></span> <span class='ocrx_word' id='word_1_201' title='bbox 676 2435 778 2475; x_wconf 85' lang='lat' dir='ltr'><strong>quae,’</strong></span> <span class='ocrx_word' id='word_1_202' title='bbox 794 2436 870 2467; x_wconf 88' lang='lat' dir='ltr'><strong>Rot.</strong></span> <span class='ocrx_word' id='word_1_203' title='bbox 1174 2436 1268 2477; x_wconf 89' lang='lat' dir='ltr'><strong>lium,</strong></span> <span class='ocrx_word' id='word_1_204' title='bbox 1295 2437 1337 2468; x_wconf 90' lang='lat' dir='ltr'><strong>de</strong></span> <span class='ocrx_word' id='word_1_205' title='bbox 1361 2446 1524 2468; x_wconf 86' lang='lat' dir='ltr'><strong>consensu</strong></span> <span class='ocrx_word' id='word_1_206' title='bbox 1551 2445 1724 2475; x_wconf 89' lang='lat' dir='ltr'><strong>procerum</strong></span> <span class='ocrx_word' id='word_1_207' title='bbox 1752 2439 1785 2466; x_wconf 90' lang='lat' dir='ltr'><strong>et</strong></span> 
     </span>
     <span class='ocr_line' id='line_1_34' title="bbox 571 2478 1785 2523; baseline 0.002 -12"><span class='ocrx_word' id='word_1_208' title='bbox 571 2478 583 2497; x_wconf 83' lang='lat'><strong>³</strong></span> <span class='ocrx_word' id='word_1_209' title='bbox 605 2481 857 2522; x_wconf 85' lang='lat' dir='ltr'><strong>‘profecturos,&#39;</strong></span> <span class='ocrx_word' id='word_1_210' title='bbox 871 2481 950 2513; x_wconf 77' lang='lat' dir='ltr'><strong>Rot.</strong></span> <span class='ocrx_word' id='word_1_211' title='bbox 1173 2486 1378 2523; x_wconf 81' lang='lat' dir='ltr'><strong>magnatum,</strong></span> <span class='ocrx_word' id='word_1_212' title='bbox 1400 2486 1493 2514; x_wconf 81' lang='lat' dir='ltr'><strong>tanta</strong></span> <span class='ocrx_word' id='word_1_213' title='bbox 1521 2482 1651 2513; x_wconf 77' lang='lat' dir='ltr'><strong>malitia</strong></span> <span class='ocrx_word' id='word_1_214' title='bbox 1681 2482 1785 2522; x_wconf 86' lang='lat' dir='ltr'><strong>repri-</strong></span> 
     </span>
    </p>
   </div>
   <div class='ocr_carea' id='block_1_8' title="bbox 524 2524 1755 2797">
    <p class='ocr_par' dir='ltr' id='par_1_8' title="bbox 524 2524 1755 2797">
     <span class='ocr_line' id='line_1_35' title="bbox 571 2524 1411 2560; baseline 0.005 -4"><span class='ocrx_word' id='word_1_215' title='bbox 571 2524 585 2544; x_wconf 87' lang='lat'><strong>⁴</strong></span> <span class='ocrx_word' id='word_1_216' title='bbox 607 2527 827 2559; x_wconf 72' lang='lat' dir='ltr'><strong>‘ministrat-e.</strong></span> <span class='ocrx_word' id='word_1_217' title='bbox 865 2527 952 2558; x_wconf 87' lang='lat' dir='ltr'><strong>Haec</strong></span> <span class='ocrx_word' id='word_1_218' title='bbox 967 2526 1080 2558; x_wconf 87' lang='lat' dir='ltr'><strong>omnia</strong></span> <span class='ocrx_word' id='word_1_219' title='bbox 1094 2526 1138 2557; x_wconf 79' lang='lat' dir='ltr'><strong>ad</strong></span> <span class='ocrx_word' id='word_1_220' title='bbox 1173 2528 1307 2560; x_wconf 66' lang='lat' dir='ltr'><strong>matur!</strong></span> <span class='ocrx_word' id='word_1_221' title='bbox 1335 2529 1411 2560; x_wconf 87' lang='lat' dir='ltr'><strong>Rot.</strong></span> 
     </span>
     <span class='ocr_line' id='line_1_36' title="bbox 524 2572 1755 2614; baseline 0.002 -12"><span class='ocrx_word' id='word_1_222' title='bbox 524 2572 762 2603; x_wconf 83' lang='lat' dir='ltr'><strong>extrahendam</strong></span> <span class='ocrx_word' id='word_1_223' title='bbox 782 2582 803 2603; x_wconf 85' lang='lat' dir='ltr'><strong>a</strong></span> <span class='ocrx_word' id='word_1_224' title='bbox 821 2581 924 2613; x_wconf 89' lang='lat' dir='ltr'><strong>regno</strong></span> <span class='ocrx_word' id='word_1_225' title='bbox 947 2572 1140 2612; x_wconf 82' lang='lat' dir='ltr'><strong>pecuniam,</strong></span> <span class='ocrx_word' id='word_1_226' title='bbox 1218 2572 1232 2590; x_wconf 80' lang='lat'>⁵</span> <span class='ocrx_word' id='word_1_227' title='bbox 1256 2575 1265 2591; x_wconf 90' lang='lat'>‘</span> <span class='ocrx_word' id='word_1_228' title='bbox 1276 2575 1434 2614; x_wconf 77' lang='lat' dir='ltr'><strong>magister</strong></span> <span class='ocrx_word' id='word_1_229' title='bbox 1449 2573 1662 2613; x_wconf 85' lang='lat' dir='ltr'><strong>Willelmus,&#39;</strong></span> <span class='ocrx_word' id='word_1_230' title='bbox 1677 2573 1755 2605; x_wconf 90' lang='lat' dir='ltr'><strong>Rot.</strong></span> 
     </span>
     <span class='ocr_line' id='line_1_37' title="bbox 524 2618 1687 2663; baseline -0.003 -15"><span class='ocrx_word' id='word_1_231' title='bbox 524 2618 567 2648; x_wconf 84' lang='lat' dir='ltr'><strong>ad</strong></span> <span class='ocrx_word' id='word_1_232' title='bbox 582 2618 840 2650; x_wconf 86' lang='lat' dir='ltr'><strong>exinanitionem</strong></span> <span class='ocrx_word' id='word_1_233' title='bbox 862 2618 1015 2650; x_wconf 83' lang='lat' dir='ltr'><strong>ecclesiae</strong></span> <span class='ocrx_word' id='word_1_234' title='bbox 1030 2618 1138 2649; x_wconf 85' lang='lat' dir='ltr'><strong>mani·</strong></span> <span class='ocrx_word' id='word_1_235' title='bbox 1218 2629 1232 2649; x_wconf 80' lang='lat'>⁶</span> <span class='ocrx_word' id='word_1_236' title='bbox 1254 2632 1265 2648; x_wconf 71' lang='grc' dir='ltr'><strong><em>ι</em></strong></span> <span class='ocrx_word' id='word_1_237' title='bbox 1275 2631 1447 2663; x_wconf 64' lang='lat' dir='ltr'><strong>convictus</strong></span> <span class='ocrx_word' id='word_1_238' title='bbox 1461 2630 1572 2661; x_wconf 61' lang='lat' dir='ltr'><strong>extitit</strong></span> <span class='ocrx_word' id='word_1_239' title='bbox 1586 2629 1595 2644; x_wconf 61' lang='lat'>³</span> <span class='ocrx_word' id='word_1_240' title='bbox 1610 2630 1687 2661; x_wconf 46' lang='lat' dir='ltr'><strong>Rot·</strong></span> 
     </span>
     <span class='ocr_line' id='line_1_38' title="bbox 525 2652 1584 2718; baseline 0.003 -25"><span class='ocrx_word' id='word_1_241' title='bbox 525 2663 924 2702; x_wconf 81' lang='lat' dir='ltr'><strong>festam,etadvitandum</strong></span> <span class='ocrx_word' id='word_1_242' title='bbox 933 2664 1139 2704; x_wconf 83' lang='lat' dir='ltr'><strong>alienigenas</strong></span> <span class='ocrx_word' id='word_1_243' title='bbox 1219 2685 1232 2707; x_wconf 66' lang='lat'>7</span> <span class='ocrx_word' id='word_1_244' title='bbox 1255 2689 1265 2706; x_wconf 73' lang='lat' dir='ltr'><em>c</em></span> <span class='ocrx_word' id='word_1_245' title='bbox 1453 2687 1463 2702; x_wconf 94' lang='lat'><em>‚</em></span> <span class='ocrx_word' id='word_1_246' title='bbox 1479 2687 1508 2718; x_wconf 77' lang='lat' dir='ltr'>R</span> <span class='ocrx_word' id='word_1_247' title='bbox 1573 2652 1584 2670; x_wconf 72' lang='lat'><strong><em>⁹</em></strong></span> 
     </span>
     <span class='ocr_line' id='line_1_39' title="bbox 524 2690 1559 2762; baseline 0.003 -23"><span class='ocrx_word' id='word_1_248' title='bbox 524 2709 676 2747; x_wconf 83' lang='lat' dir='ltr'><strong>spoliatis</strong></span> <span class='ocrx_word' id='word_1_249' title='bbox 690 2710 857 2750; x_wconf 85' lang='lat' dir='ltr'><strong>indigenis</strong></span> <span class='ocrx_word' id='word_1_250' title='bbox 877 2710 1011 2742; x_wconf 83' lang='lat' dir='ltr'><strong>tendere</strong></span> <span class='ocrx_word' id='word_1_251' title='bbox 1027 2711 1140 2741; x_wconf 82' lang='lat' dir='ltr'><strong>diuos-</strong></span> <span class='ocrx_word' id='word_1_252' title='bbox 1219 2744 1231 2761; x_wconf 76' lang='lat' dir='ltr'><strong>e</strong></span> <span class='ocrx_word' id='word_1_253' title='bbox 1255 2748 1263 2762; x_wconf 77' lang='lat'>‹</span> <span class='ocrx_word' id='word_1_254' title='bbox 1276 2691 1451 2751; x_wconf 38' lang='lat' dir='ltr'><strong>execuuff&#39;</strong></span> <span class='ocrx_word' id='word_1_255' title='bbox 1510 2690 1559 2757; x_wconf 59' lang='lat' dir='ltr'>‘’t‘&#39;</span> 
     </span>
     <span class='ocr_line' id='line_1_40' title="bbox 524 2743 1651 2797; baseline 0 -13"><span class='ocrx_word' id='word_1_256' title='bbox 524 2758 644 2786; x_wconf 85' lang='lat' dir='ltr'><strong>cuntur</strong></span> <span class='ocrx_word' id='word_1_257' title='bbox 660 2756 723 2786; x_wconf 87' lang='lat' dir='ltr'><strong>nisi</strong></span> <span class='ocrx_word' id='word_1_258' title='bbox 740 2759 900 2797; x_wconf 81' lang='lat' dir='ltr'><strong>exsurgat</strong></span> <span class='ocrx_word' id='word_1_259' title='bbox 915 2757 1012 2788; x_wconf 85' lang='lat' dir='ltr'><strong>Deus</strong></span> <span class='ocrx_word' id='word_1_260' title='bbox 1022 2759 1057 2788; x_wconf 86' lang='lat' dir='ltr'><strong>et</strong></span> <span class='ocrx_word' id='word_1_261' title='bbox 1071 2756 1139 2787; x_wconf 85' lang='lat' dir='ltr'><strong>dis·</strong></span> <span class='ocrx_word' id='word_1_262' title='bbox 1277 2747 1547 2784; x_wconf 61' lang='lat' dir='ltr'><strong>exmaffltlfflfflm,</strong></span> <span class='ocrx_word' id='word_1_263' title='bbox 1575 2743 1651 2775; x_wconf 67' lang='lat' dir='ltr'><strong>ROt·</strong></span> 
     </span>
    </p>
   </div>
   <div class='ocr_carea' id='block_1_9' title="bbox 525 2800 1718 2843">
    <p class='ocr_par' dir='ltr' id='par_1_9' title="bbox 525 2800 1718 2843">
     <span class='ocr_line' id='line_1_41' title="bbox 525 2800 1718 2843; baseline 0.002 -14"><span class='ocrx_word' id='word_1_264' title='bbox 525 2800 675 2838; x_wconf 77' lang='lat' dir='ltr'><strong>sipentur</strong></span> <span class='ocrx_word' id='word_1_265' title='bbox 690 2802 816 2834; x_wconf 87' lang='lat' dir='ltr'><strong>inimici</strong></span> <span class='ocrx_word' id='word_1_266' title='bbox 827 2804 913 2843; x_wconf 84' lang='lat' dir='ltr'><strong>ejus,</strong></span> <span class='ocrx_word' id='word_1_267' title='bbox 924 2806 960 2834; x_wconf 92' lang='lat' dir='ltr'><strong>ut</strong></span> <span class='ocrx_word' id='word_1_268' title='bbox 970 2812 1030 2842; x_wconf 86' lang='lat' dir='ltr'><strong>per</strong></span> <span class='ocrx_word' id='word_1_269' title='bbox 1041 2812 1137 2834; x_wconf 85' lang='lat' dir='ltr'><strong>secu·</strong></span> <span class='ocrx_word' id='word_1_270' title='bbox 1151 2816 1154 2839; x_wconf 57' lang='lat'>7</span> <span class='ocrx_word' id='word_1_271' title='bbox 1219 2801 1232 2818; x_wconf 69' lang='lat'><strong>‘³</strong></span> <span class='ocrx_word' id='word_1_272' title='bbox 1255 2807 1262 2818; x_wconf 72' lang='lat'>¹</span> <span class='ocrx_word' id='word_1_273' title='bbox 1275 2800 1625 2841; x_wconf 76' lang='lat' dir='ltr'><strong>destmetionemque‚’</strong></span> <span class='ocrx_word' id='word_1_274' title='bbox 1643 2801 1718 2832; x_wconf 82' lang='lat' dir='ltr'><strong>Rot.</strong></span> 
     </span>
    </p>
   </div>
   <div class='ocr_carea' id='block_1_10' title="bbox 1970 0 2038 2823">
    <p class='ocr_par' dir='ltr' id='par_1_10' title="bbox 1970 0 2038 2823">
     <span class='ocr_line' id='line_1_42' title="bbox 1970 0 2038 2823; baseline 0 0"><span class='ocrx_word' id='word_1_275' title='bbox 1970 0 2038 2823; x_wconf 95' lang='lat' dir='ltr'><strong> </strong></span> 
     </span>
    </p>
   </div>
  </div>
 </body>
</html>
