2038 3306
359 445 477 470 Edward
499 444 557 471 111.

374 478 409 503 A.
421 478 457 503 D.
474 479 547 503 1³40.

359 532 437 564 mag
449 532 506 558 Ed.

573 319 661 362 352
1065 329 1341 361 ennomcon

574 433 768 475 filiorum
807 432 960 487 quiete
996 431 1255 482 sollicitam,
1289 434 1338 474 in
1380 433 1580 475 Domino
1625 439 1830 476 contem-'

573 499 768 553 plantes,
782 498 838 539 de
860 498 1031 539 salubri
1049 498 1342 551 persuasione
1362 505 1408 540 et
1425 504 1579 541 vestra
1598 500 1828 541 oblatione

356 564 550 598 ναῶ-ποιῶ
574 565 620 606 in
660 569 790 606 tanta
836 568 1022 617 tamque
1062 563 1156 616 pia,
1199 569 1355 616 grates
1395 569 1442 605 et
1482 565 1657 617 gratias
1699 565 1826 606 vobis

357 602 386 624 ω
401 598 474 630 Pope

359 631 503 657 Benedict-

573 630 804 671 humiliter
831 629 1111 670 exsolvimus
1138 641 1254 682 quas
1275 629 1497 679 valemus,
1519 635 1566 671 et
1590 630 1675 671 sub
1697 630 1826 671 firma

574 695 829 738 dilectionis
868 694 1245 747 rectitudinisque
1282 699 1446 736 vestrae
1483 694 1665 744 fiducia,
1700 696 1826 736 sanis

573 760 739 803 vestris
763 761 970 814 cupimus
990 760 1210 801 inhaerere
1225 760 1443 810 consiliis,
1458 773 1633 814 nosque
1656 760 1827 802 sanctis

571 826 871 880 beneplacitis
892 826 1056 867 vestris
1086 826 1346 880 specialiter
1368 825 1667 867 conformare.
1737 825 1826 867 Sed

571 893 619 934 in
646 892 875 945 publicam
901 891 1110 933 notitiam
1138 891 1237 946 jam
1267 891 1466 941 devenit,
1488 892 1686 945 qualiter
1706 891 1826 932 idem

574 958 815 1011 Philippus
842 969 1035 1010 regnum
1066 962 1272 998 nostrum
1297 956 1520 1006 Franciae,
1545 957 1602 998 ad
1635 970 1717 998 nos
1747 970 1827 1010 per

571 1028 761 1064 mortem
797 1022 987 1064 celebris
1022 1023 1251 1064 memoriae
1286 1022 1456 1063 domini
1488 1022 1657 1072 Caroli,
1678 1022 1826 1063 ultimi

571 1089 693 1142 regis
734 1088 956 1137 Franciae,
997 1088 1213 1129 avunculi
1248 1088 1408 1137 nostri,
1447 1087 1648 1141 legitime
1685 1088 1824 1129 devo-

570 1154 733 1203 lutum,
753 1154 840 1195 sibi
863 1158 1022 1194 contra
1031 1153 1261 1207 justitiam
1283 1154 1549 1205 usurpavit3
1576 1158 1637 1202 et,
1661 1166 1716 1194 eo
1738 1166 1828 1194 non

570 1224 826 1268 contentus,
869 1224 1016 1259 terras
1055 1224 1235 1259 nostras
1271 1219 1319 1258 in
1359 1217 1530 1259 ducatu
1563 1217 1826 1272 Aquitaniae

570 1285 657 1326 sibi
678 1284 874 1325 attraxit
887 1284 1028 1338 juxta
1047 1284 1194 1334 vires;
1227 1283 1401 1324 insulas
1423 1290 1605 1324 nostras
1626 1284 1672 1325 in
1696 1284 1825 1334 mari,
1845 1308 1847 1310 -

570 1358 617 1391 et
666 1350 805 1391 etiam
860 1362 1052 1402 regnum
1111 1356 1317 1390 nostrum
1372 1348 1555 1402 Angliae
1606 1349 1843 1403 invadens-

571 1415 796 1456 hostiliter
830 1427 933 1455 cum
979 1414 1180 1467 navigio,
1219 1415 1340 1468 quod
1375 1415 1461 1456 sub
1493 1414 1644 1456 colore
1680 1415 1827 1456 sancti

572 1481 776 1534 passagii
799 1479 1089 1522 transmarini
1109 1493 1271 1533 parare
1286 1493 1336 1522 se
1357 1481 1571 1530 finxerat,
1587 1480 1826 1530 deformat,

573 1559 711 1600 quam
736 1550 749 1568 ‘
760 1546 1031 1600 juraverat,’
1051 1544 1059 1566 ¹
1082 1558 1268 1587 causam
1291 1545 1462 1587 Christi
1481 1560 1491 1596 3
1510 1545 1672 1587 Scotos
1687 1547 1825 1587 etiam

572 1613 618 1653 in
640 1612 783 1653 nostri
804 1611 1094 1652 rebellionem
1112 1624 1351 1665 perperam
1376 1611 1638 1660 concitavit,
1656 1612 1826 1652 machi-

571 1690 684 1718 nans
706 1677 891 1718 omnino
905 1689 988 1717 nos
1007 1676 1273 1730 deprimere,
1290 1682 1341 1718 ut
1360 1677 1425 1717 sic
1447 1676 1616 1717 dic'tum
1634 1690 1826 1730 regnum

573 1748 778 1784 nostrum
814 1742 1021 1783 Franciae
1044 1746 1090 1782 et
1120 1742 1235 1783 alias
1266 1747 1410 1783 terras
1437 1747 1617 1783 nostras
1639 1742 1827 1783 haeredi-

572 1808 730 1857 tarias,
770 1807 912 1862 juxta
946 1807 1204 1848 insatiabile
1242 1820 1374 1848 suum
1409 1806 1672 1848 dominandi
1711 1808 1825 1849 desi·

571 1873 759 1922 derium,
780 1873 966 1913 liberius
994 1873 1137 1925 possit
1161 1873 1366 1914 retinere.
1436 1872 1538 1922 Cui,
1568 1873 1687 1914 sicut
1714 1873 1828 1914 alias

571 1938 804 1979 sanctitati
821 1943 985 1979 vestrae
997 1938 1236 1990 scripsisse
1253 1951 1335 1979 nos
1356 1938 1658 1988 meminimus,
1674 1939 1827 1992 plures

571 2004 817 2044 obtulimus
861 2003 1079 2044 amabiles
1120 2004 1218 2044 vias
1257 2004 1400 2057 pacis,
1438 2003 1641 2045 volentes
1681 2005 1739 2045 ab
1772 2017 1827 2045 eo

571 2081 729 2122 pacem
782 2068 1003 2109 redimere
1046 2081 1150 2109 cum
1195 2082 1284 2110 non
1335 2069 1512 2110 modico
1568 2074 1825 2111 nostrorum

565 2134 740 2189 jurium
764 2134 1067 2182 detrimento;
1094 2134 1174 2175 sed
1195 2135 1293 2188 ipse
1325 2147 1405 2187 per
1428 2140 1654 2176 tractatus
1675 2135 1825 2176 varios

572 2200 649 2240 diu
672 2198 940 2254 protrahens
964 2200 1050 2240 sub
1079 2199 1269 2250 incerto,
1290 2206 1337 2241 et
1363 2200 1542 2253 magnis
1571 2201 1826 2254 sumptibus

573 2278 656 2306 nos
692 2277 944 2318 exponens,
979 2271 1031 2306 ut
1063 2271 1267 2306 nostrum
1301 2265 1566 2307 exhauriret
1600 2266 1827 2316 aerarium,

572 2337 619 2372 et
648 2331 713 2372 sic
745 2343 828 2372 nos
859 2331 917 2371 ad
947 2335 1208 2372 nostrorum
1239 2331 1628 2384 recuperationem
1653 2331 1826 2385 jurium

572 2395 770 2437 efficeret
793 2397 1084 2449 impotentes,
1104 2397 1299 2438 finaliter
1327 2397 1500 2449 aliquid
1525 2396 1656 2437 nobis
1679 2397 1828 2438 facere

573 2475 663 2503 non
685 2462 880 2511 curavit,
901 2461 979 2502 sed
1007 2474 1186 2515 semper
1221 2462 1267 2502 in
1302 2475 1384 2503 nos
1415 2463 1693 2515 peramplius
1725 2475 1826 2514 per-

571 2527 746 2568 secutio
789 2539 874 2568 sua
918 2527 1075 2568 crevit.
1159 2527 1355 2580 Propter
1393 2527 1531 2581 quod,
1569 2527 1828 2580 impellente

572 2593 862 2641 necessitate,
892 2592 950 2633 ad
981 2597 1136 2645 partes
1165 2593 1371 2634 venimus
1399 2593 1743 2642 transmarinas,
1768 2593 1826 2633 ad

570 2657 846 2698 induendum
886 2657 1134 2698 amicorum
1165 2663 1423 2698 nostrorum
1460 2658 1710 2711 potentiam
1747 2670 1830 2711 pro

633 2797 640 2814 ¹
664 2792 829 2835 ‘juravit,⁸
848 2796 948 2827 MSS.
965 2795 1054 2828 Cott.
1073 2796 1176 2837 Nero,
1194 2795 1240 2827 D.
1257 2796 1308 2836 ii„
1324 2796 1391 2827 and
1404 2796 1491 2829 Coll.
1506 2796 1598 2827 Trin.
1617 2796 1657 2827 R.
1676 2799 1706 2827 5.
1726 2798 1775 2826 10.
