2038 3306
419 311 645 343 WAUrssm
680 310 740 340 on
772 310 1147 342 nnmmcnuncn.
1333 301 1418 342 321

153 413 512 467 praedecessores
553 419 598 456 et
630 428 728 464 nos,
759 414 883 456 laesae
923 415 1177 469 majestatis
1213 415 1413 456 criminis
1432 427 1551 453 edward
1573 427 1629 453 ιιι.

154 479 218 519 rei
252 485 399 529 erant,
434 485 487 521 ut
514 485 673 521 contra
703 493 785 522 nos
817 480 926 521 nihil
957 481 1137 534 injuriae
1162 481 1395 522 omitteret

1446 462 1480 486 A.
1494 461 1527 485 D.
1544 462 1616 485 13³9.

1397 512 1410 530 ³
1428 515 1524 541 Letter
1534 517 1565 541 ot

150 544 208 585 ad
249 550 430 586 nostras
473 545 666 599 injurias
712 546 884 587 foedere
925 546 1151 600 adjunxit,
1192 546 1238 586 in
1281 551 1411 587 tanto
1429 548 1575 578 muana-

1428 581 1502 606 ward
1514 584 1544 606 to
1556 582 1604 606 the

149 610 336 651 crimine
380 616 548 652 nostrae
600 612 780 665 injuriae
831 611 992 652 fovens
1034 624 1129 660 eos,
1173 611 1251 664 qui
1303 610 1410 664 jure
1429 614 1569 645 9⁰⁹⁶⁸¹¹d

149 676 386 728 sanguinis
425 682 470 717 et
506 682 683 717 naturae
721 676 878 718 debuit
914 677 1068 728 potius
1108 689 1190 717 nos
1230 676 1409 730 juvare.

1427 646 1581 676 Cardinals,

1426 680 1532 710 setting
1543 680 1617 704 forth

1427 712 1473 736 hi·
1486 712 1550 737 title
1562 716 1591 737 to

150 740 357 794 Cumque
378 742 615 795 praemissa
630 742 782 783 omnia
798 754 890 782 non
905 741 1149 794 implerent
1164 742 1219 783 de
1240 742 1411 783 nostris
1427 746 1587 803 {ffiss'g‘ffl'e
1595 746 1627 770 οῖ

148 806 327 860 injuriis
363 812 520 848 votum
565 818 715 856 suum,
750 807 953 847 collectis
992 807 1191 859 undique
1237 807 1409 848 viribus

147 872 361 924 quicquid
382 873 547 925 potuit,
572 877 624 912 ut
646 884 729 912 nos
751 871 831 912 irae
853 884 947 911 suae
967 875 1146 912 torrens
1164 872 1408 914 absorbeat

148 938 435 989 aggregavit,
467 936 629 978 tollere
667 949 749 977 nos
781 936 837 977 de
870 936 1040 976 mundo
1071 937 1313 985 sollicitus,
1349 938 1408 978 ad

147 1001 258 1042 illud
290 1015 380 1042 non
412 1002 630 1050 intentos,
657 1002 849 1042 forsitan
874 1014 934 1041 ex
957 1002 1134 1042 intento
1167 1002 1291 1042 facto
1323 1014 1408 1043 suo

147 1072 305 1108 contra
324 1080 422 1116 nos,
445 1072 650 1108 nostrum
678 1071 838 1108 contra
872 1079 921 1107 se
951 1067 1136 1107 metitus
1161 1067 1406 1117 intentum,

147 1133 268 1185 quod
304 1133 519 1185 colligere
558 1133 631 1174 vel
665 1133 815 1174 metiri
854 1133 1060 1185 nequivit
1098 1145 1179 1185 per
1210 1132 1406 1187 alicujus

148 1206 280 1239 actus
315 1199 459 1239 nostri
493 1198 716 1252 judicium
753 1198 953 1239 nondum
983 1203 1149 1240 actum.
1220 1198 1406 1239 Donum

147 1263 335 1316 insuper
379 1264 510 1305 nobis
552 1264 806 1317 impensum
848 1264 990 1305 divini
1030 1264 1232 1304 muneris
1283 1277 1405 1316 aegre

148 1328 314 1378 ferens,
347 1329 591 1371 extimare¹
638 1330 764 1370 visus
804 1334 875 1370 est
920 1341 1050 1369 suam
1093 1329 1308 1383 injuriam
1357 1330 1404 1370 in

149 1393 332 1447 Angliae
368 1408 508 1447 regno
539 1400 696 1436 nostro
737 1407 820 1435 nos
860 1395 1014 1435 vivere
1057 1406 1196 1448 super
1236 1399 1405 1436 terram

147 1460 235 1500 etsi
267 1467 489 1513 quantum
525 1461 666 1501 dabat
698 1460 922 1501 Dominus
964 1473 1198 1513 prospere,
1237 1460 1402 1501 saltem

147 1538 228 1577 per
251 1526 403 1566 omnia
426 1526 614 1578 pacifice
641 1526 792 1579 quoad
825 1538 944 1575 eum,
966 1525 1180 1579 quodque
1203 1526 1407 1567 serviens

147 1591 276 1631 nobis
308 1591 522 1644 populus,
559 1590 633 1632 vel
668 1590 818 1631 verius
856 1591 930 1631 cui
960 1591 1200 1640 servimus,
1238 1592 1407 1632 nostris

147 1657 426 1708 temporibus
471 1656 559 1697 Dei
603 1656 722 1697 dono
776 1655 913 1697 suerit
955 1656 1198 1708 gloriosus.
1290 1655 1408 1697 Haec

147 1728 298 1762 autem
322 1735 412 1763 non
447 1722 605 1763 statim
635 1721 796 1762 audita
820 1721 891 1762 vel
921 1722 1109 1774 cognita
1140 1734 1223 1762 nos
1252 1734 1408 1762 move-

148 1792 269 1837 runt,
305 1787 385 1828 sed
425 1787 506 1828 illa
551 1788 636 1828 sub
693 1786 1055 1828 dissimulatione
1094 1787 1406 1835 transivimus,

147 1853 259 1893 nulli
293 1857 531 1905 parcentes
562 1853 688 1894 oneri
724 1852 795 1894 vel
837 1853 1013 1902 honori,
1047 1857 1098 1893 ut
1128 1857 1291 1894 contra
1324 1866 1408 1894 nos

147 1918 403 1970 persecutio
424 1930 508 1958 sua
531 1918 790 1972 injuriaque
816 1919 1087 1971 quiesceret,
1108 1923 1407 1970 nostrumque

145 1996 248 2023 cum
290 1996 344 2024 eo
377 1983 616 2037 pacificum
653 1988 832 2036 tempus
866 1987 1003 2032 esset,
1035 1983 1180 2024 donec
1219 1984 1406 2036 propin-

147 2061 286 2101 quum
315 2049 444 2089 nobis
473 2048 667 2089 vidimus
702 2049 904 2101 gladium
946 2054 1116 2089 nostrae
1147 2061 1201 2091 ac
1230 2053 1410 2089 nostro-

146 2126 245 2154 rum
280 2114 380 2155 neci
410 2119 456 2154 et
496 2114 765 2155 exterminio
803 2118 1126 2166 praeparatum.
1181 2113 1268 2154 Sed
1294 2126 1410 2155 nun—

145 2179 253 2230 quid
285 2179 452 2232 aliquis
482 2184 554 2220 est
583 2179 663 2232 qui
703 2178 859 2219 credat
896 2178 1017 2231 quod
1059 2178 1238 2219 animus
1280 2179 1410 2219 nobis

148 2244 361 2296 cognitus
406 2244 622 2297 principis
671 2249 813 2284 tantae
862 2244 1097 2296 potentiae,
1143 2248 1191 2284 et
1231 2244 1314 2292 sic,
1358 2249 1410 2285 ut

147 2310 456 2362 praemittitur,
484 2314 722 2362 occupatae
754 2309 902 2358 nobis,
932 2308 1068 2350 fuerit
1090 2308 1407 2361 negligendus,

149 2375 227 2428 qui
270 2387 366 2415 suae
417 2374 592 2415 viribus
636 2374 888 2415 voluntatis
941 2378 1161 2423 armatus,
1201 2374 1409 2426 potentia

147 2441 346 2492 undique
368 2445 535 2481 vocata
560 2439 775 2488 vallatus,
798 2439 946 2480 solum
970 2443 1022 2480 ut
1043 2439 1189 2492 possit
1220 2439 1408 2480 liberius

146 2518 229 2558 pro
260 2518 345 2546 sua
367 2505 607 2546 voluntate
629 2517 711 2545 nos
744 2504 973 2558 persequi,
1003 2504 1208 2558 juratam
1240 2504 1409 2546 deserit

147 2583 332 2612 causam
356 2570 540 2612 Christi.
613 2569 737 2621 Quid
763 2583 873 2623 ergo
894 2582 978 2623 pro
1003 2581 1087 2610 suo
1102 2569 1209 2623 jure
1233 2582 1409 2623 suaque

145 2636 392 2677 securitate
414 2648 503 2676 non
526 2636 656 2676 licuit
673 2635 785 2687 regi,
802 2635 874 2675 sui
896 2638 1047 2676 status
1067 2635 1230 2688 suique
1250 2635 1410 2688 populi

147 2701 396 2753 periculum
428 2701 527 2755 jam
565 2701 752 2749 videnti,
793 2700 916 2741 dicat
954 2700 1034 2753 qui
1072 2700 1266 2750 noverit,
1301 2700 1410 2753 quid

480 2790 486 2808 ¹
514 2791 544 2822 A
562 2790 728 2822 medieval
744 2790 826 2821 form
844 2789 881 2820 of
894 2789 1073 2820 aestimare.

211 2868 314 2897 von.
350 2868 401 2897 11.
1181 2865 1213 2894 Y

1518 784 1544 803 e.
