2038 3306
360 434 479 460 Edward
492 434 534 461 11.

364 470 400 494 Α.
410 468 444 493 D.
460 469 536 494 1311.

340 2462 418 2487 Coun
423 2461 457 2487 eil
470 2463 501 2487 of

340 2494 459 2521 Vienna.

560 310 648 351 292
1053 320 1115 350 cn
1124 321 1332 352 nomcoN

563 429 609 466 et
630 429 729 466 toto
749 437 833 466 suo
855 425 976 466 clero
998 424 1243 466 confessati
1263 430 1371 466 sunt
1398 426 1599 466 enormia
1630 426 1673 466 in
1695 425 1822 466 bulla

564 490 735 532 domini
757 503 889 544 papae
910 495 1142 539 contenta,
1163 495 1209 531 et
1228 486 1277 531 se
1299 490 1455 532 eadem
1478 491 1638 531 fecisse
1660 504 1818 543 recog-

565 560 804 598 noverunt.
894 555 1028 598 Dixit
1080 556 1235 605 etiam,
1289 555 1411 608 quod
1468 556 1677 597 dominus
1734 569 1816 597 rex

569 621 776 663 Franciae
811 622 1015 662 comburi
1058 621 1229 662 fecerat
1268 620 1475 661 Parisius
1521 623 1816 674 septuaginta

565 686 680 728 duos
693 687 804 728 Tem
810 685 980 740 plarios
995 691 1181 740 propter
1194 685 1415 739 praedicta
1427 687 1631 727 enormia
1644 687 1816 728 confes-

565 756 682 793 sata.
735 752 920 793 Extunc
937 756 1090 793 autem
1106 753 1377 793 tenebantur
1393 751 1552 792 fortius
1564 751 1815 804 Templarii

564 817 758 859 vinculis
775 817 931 859 ferreis
949 817 1156 870 alligati3
1185 817 1400 869 factaque
1415 822 1483 857 est
1506 817 1645 868 longa
1661 817 1816 870 dispu-

564 884 680 925 tatio
702 883 750 924 in
781 883 903 924 clero
926 888 1080 924 utrum
1103 895 1187 936 pro
1214 882 1444 935 praedictis
1474 882 1678 923 articulis
1708 895 1816 923 con-

564 947 746 990 fessatis
798 949 1015 990 deberent
1076 953 1294 1001 tanquam
1346 948 1545 988 haeretici
1597 949 1816 1001 reputari.

563 1013 769 1055 Tandem
795 1014 1055 1056 ordinatum
1079 1018 1165 1062 est,
1188 1019 1234 1054 et
1266 1013 1368 1054 hinc
1395 1013 1500 1054 inde
1535 1026 1816 1062 concessum,

564 1079 686 1131 quod
706 1080 878 1133 singuli
901 1079 1170 1133 Templarii,
1191 1079 1504 1132 unusquisque
1529 1084 1633 1131 post
1656 1079 1813 1128 alium,

563 1157 718 1185 coram
738 1150 836 1186 toto
858 1145 980 1186 clero
1001 1144 1172 1185 diceret
1193 1144 1275 1192 sic,
1297 1149 1343 1184 et
1374 1143 1590 1184 dixerunt
1607 1157 1618 1184 ε
1665 1148 1695 1166 “
1715 1144 1815 1196 Ego

562 1209 702 1251 frater
743 1210 804 1251 R.
830 1222 1110 1263 recognosco
1152 1222 1223 1249 me
1261 1209 1316 1249 de
1359 1208 1564 1249 articulis
1602 1209 1647 1249 in
1691 1209 1818 1250 bulla

563 1274 731 1315 domini
762 1287 896 1328 papae
926 1274 1167 1322 contentis,
1187 1274 1255 1315 ita
1293 1273 1584 1315 vehementer
1608 1274 1814 1315 diffama-

562 1344 675 1389 tum,
699 1344 745 1381 et
770 1353 799 1381 a
828 1352 921 1394 qua
951 1353 1022 1381 me
1050 1352 1250 1392 purgare
1281 1352 1372 1380 non
1394 1352 1597 1392 possum,
1629 1345 1817 1393 propter

562 1405 683 1458 quod
713 1406 936 1447 submitto
967 1418 1038 1446 me
1068 1405 1232 1458 gratiae
1258 1405 1441 1445 Divinae
1464 1410 1511 1445 et
1538 1405 1812 1446 ordinationi

559 1470 693 1511 istius
733 1471 959 1513 concilii.’'
1029 1470 1263 1523 Factaque
1304 1470 1565 1525 hujusmodi
1598 1471 1807 1523 recogni-

561 1536 700 1585 tione,
722 1535 1053 1590 abjuraverunt
1084 1549 1238 1577 coram
1267 1536 1389 1577 clero
1417 1540 1462 1577 et
1491 1536 1615 1577 omni
1642 1536 1812 1589 populo

562 1613 743 1642 omnem
795 1602 1019 1651 haeresim,
1061 1605 1107 1642 et
1159 1601 1501 1642 deducebantur
1548 1607 1683 1643 extra
1741 1615 1814 1642 ec-

562 1666 750 1707 clesiam
795 1667 919 1708 beati
958 1666 1103 1716 Petri,
1139 1671 1186 1707 et
1227 1666 1393 1707 ibidem
1437 1667 1716 1707 reconciliati
1752 1667 1807 1708 ad

561 1731 694 1772 fidem
738 1732 1026 1780 catholicam,
1066 1731 1173 1772 inde
1219 1731 1502 1773 ducebantur
1551 1733 1718 1773 iterato
1759 1733 1806 1773 in

562 1797 818 1847 ecclesiam,
843 1802 889 1838 et
909 1802 1070 1850 postea
1090 1797 1136 1837 in
1159 1797 1428 1849 capitulum,
1449 1798 1527 1838 ubi.
1551 1797 1807 1838 ordinatum

562 1867 633 1903 est
662 1866 707 1903 et
747 1862 1099 1915 pronunciatum
1134 1862 1257 1914 quod
1295 1863 1343 1902 in
1378 1862 1588 1903 custodia
1619 1863 1726 1903 cleri
1768 1868 1814 1904 et

561 1927 607 1967 in
654 1927 827 1980 palatio
877 1927 1047 1968 domini
1093 1926 1426 1980 archiepiscopi
1472 1928 1812 1969 custodirentur

561 1997 748 2042 extunc,
800 2005 1039 2045 quousque
1094 2004 1251 2032 eorum
1302 1992 1473 2045 singuli
1514 1993 1580 2034 'ad
1631 1993 1814 2046 singula

559 2058 836 2099 monasteria
872 2058 1179 2099 mitterentur.
1271 2057 1332 2099 Et
1364 2057 1547 2099 demum
1582 2058 1647 2099 sic
1685 2059 1813 2099 missi

558 2127 824 2164 manserunt
866 2123 911 2163 in
954 2123 1148 2175 singulis
1190 2123 1482 2165 monasteriis
1518 2136 1664 2177 usque
1708 2130 1815 2177 post

559 2189 806 2230 concilium
832 2188 1002 2229 domini
1021 2200 1170 2242 papae.

884 2335 1109 2377 Concilium
1129 2336 1262 2390 Papae
1292 2335 1492 2390 Wyennae.

623 2450 849 2491 Dominus
873 2463 995 2503 papa
1014 2450 1227 2492 Clemens
1248 2452 1397 2492 tenuit
1413 2451 1655 2492 concilium
1677 2464 1810 2493 suum

557 2514 785 2565 Viennae,¹
834 2528 956 2556 anno
1022 2516 1209 2557 Domini
1261 2527 1491 2566 M.CCGXI.,
1545 2517 1692 2569 primo
1741 2518 1815 2559 die

600 2699 608 2718 ¹
632 2701 714 2732 This
725 2711 796 2733 was
807 2701 863 2733 the
873 2701 1020 2733 fifteenth
1031 2702 1166 2742 general
1202 2702 1279 2733 16th
1295 2702 1334 2733 of
1344 2701 1502 2741 October,
1513 2704 1571 2733 131
1579 2704 1609 2741 1,
1621 2703 1677 2734 the
1691 2705 1815 2736 second

550 2747 682 2778 council
702 2747 740 2778 of
759 2748 901 2787 Vienne,
926 2748 980 2779 the
1003 2749 1074 2779 first
1097 2758 1165 2779 ses·
1199 2758 1241 2778 on
1256 2748 1312 2779 the
1328 2748 1388 2779 3rd
1399 2747 1437 2778 of
1447 2748 1558 2787 April,
1571 2750 1667 2788 1312,
1678 2750 1743 2780 and
1759 2750 1815 2781 the

549 2793 622 2822 sion
637 2793 675 2823 of
693 2793 805 2824 which
821 2794 1035 2825 commenced
1050 2803 1092 2825 on
1108 2793 1164 2825 the
1198 2793 1286 2825 third
1297 2803 1339 2825 on
1349 2794 1404 2825 the
1414 2793 1471 2825 oth
1483 2793 1521 2825 of
1532 2794 1615 2834 May
1627 2794 1813 2835 following.
