2038 3306
530 278 617 320 :296
814 319 817 322 Α
1018 290 1298 322 οΗΒοΝιοοΝ

324 396 502 457 {qvssrffik
533 391 590 435 de
639 390 907 446 Warwyck,
949 397 998 435 et
1051 393 1264 447 sepultus
1326 392 1589 435 honorifice.
1669 389 1793 432 Ante
2020 447 2023 450 y

536 461 730 499 mortem
760 457 943 511 planxit
966 456 1189 511 Angliam
1212 457 1520 508 vehementer,
1540 455 1793 511 praecinens
2016 455 2033 555 ὅ

538 527 747 566 mortem.
798 522 1035 565 Vexillum
1066 523 1214 565 erexit
1247 532 1408 565 contra
1433 523 1646 566 comitem
1677 521 1795 562 Lan-

539 588 722 630 castriae
741 588 952 630 dominus
975 587 1128 630 Adam
1149 588 1206 630 de
1238 589 1469 630 Banaster
1502 601 1606 629 cum
1635 586 1793 628 multis

540 654 813 707 sequacibus
843 654 957 704 suis,
987 654 1226 696 vindicans
1261 654 1348 695 sibi
1378 666 1433 695 ac
1461 664 1694 707 occupans
1722 657 1794 694 to-

540 725 638 760 tum
653 719 937 761 Lancastriae
956 720 1237 761 comitatum.
1283 718 1390 770 Quo
1403 719 1575 768 audito,
1588 718 1797 759 dominus

541 796 710 835 comes,
744 785 1037 838 congregatis
1076 785 1338 826 hominibus
1362 785 1477 835 suis,
1500 796 1603 825 cum
1637 783 1799 837 paucis

541 851 775 892 dominum
820 850 973 892 Adam
1015 863 1116 892 cum
1160 851 1256 892 suis
1297 850 1355 892 de
1395 862 1559 904 campo
1605 848 1800 890 viriliter

543 916 776 970 ejecerunt
795 929 806 958 ε
841 916 920 970 qui
944 916 1123 969 fugiens
1147 917 1194 958 in
1214 916 1414 970 quadam
1437 914 1647 969 grangia,
1671 919 1718 956 et
1739 913 1803 955 ibi

544 994 647 1024 cum
694 994 784 1023 uno
829 982 973 1023 milite
1026 982 1212 1023 domino
1273 982 1481 1023 Hem-ico
1533 993 1616 1034 per
1662 991 1800 1021 unam

545 1047 849 1101 septimanam
872 1048 1098 1101 integram
1120 1047 1352 1089 latitabat.
1412 1046 1621 1088 Inventis
1646 1050 1800 1086 autem

546 1125 629 1166 per
657 1113 978 1166 exploratores
1006 1113 1177 1154 domini
1208 1113 1404 1161 comitis,
1426 1112 1562 1153 ambo
1589 1110 1804 1153 decollati

547 1182 666 1219 sunt.
743 1179 804 1220 Et
850 1178 1082 1220 vindicato
1127 1179 1294 1219 comite
1335 1177 1393 1218 de
1446 1177 1655 1219 hostibus
1691 1176 1804 1225 suis,

547 1249 670 1285 terra
693 1243 822 1284 siluit
843 1249 889 1285 et
911 1244 1100 1297 quievit.

545 1384 579 1412 to
587 1380 629 1411 be
642 1380 816 1412 beheaded
832 1381 866 1411 in
883 1383 967 1412 1312
976 1391 1020 1412 on
1033 1381 1158 1412 Black·
1193 1381 1332 1422 granted
1361 1392 1404 1413 on
1434 1382 1490 1414 the
1524 1383 1745 1423 capitulation
1773 1383 1812 1415 of

545 1427 612 1458 low
624 1426 712 1467 Hill,
722 1427 756 1457 in
771 1426 930 1459 violation
939 1427 978 1459 of
988 1427 1043 1459 the
1058 1431 1160 1460 terms
1193 1428 1426 1469 Scarborough
1442 1428 1569 1462 Castle.
