2038 3306
340 509 458 535 Edwnrd
472 509 494 535 1.

336 544 369 568 Δ.
382 543 417 568 D.
434 544 508 568 1298.

321 615 424 640 Affairs
436 616 467 640 os

321 649 460 674 Scotland.

322 692 406 717 Want
418 693 449 717 of

319 726 475 757 provisions
488 724 516 749 ln

320 759 368 784 the
381 758 500 790 English

321 799 412 824 camp.

323 1282 416 1314 Affray
428 1283 474 1307 be-

324 1319 413 1340 tween
428 1316 476 1340 the

323 1348 441 1379 English
453 1348 509 1374 and

324 1381 420 1406 Welsh

320 1414 443 1441 soldiers.

535 297 621 338 176
1034 303 1309 337 canonicos

617 499 627 516 ‘
640 493 705 535 De
728 492 851 535 Bella
867 492 916 535 de
936 492 1140 534 Fawkirlc
1159 493 1268 535 inter
1287 493 1434 549 Regem
1456 499 1493 535 et
1517 489 1701 534 Scotos.'¹

603 609 725 650 Dum
764 608 856 649 fere
889 621 971 662 per
1003 620 1201 649 mensem
1235 607 1347 649 talia
1367 612 1644 660 gererentur,
1668 607 1790 648 defe-

534 680 694 716 cerunt
715 674 932 715 victualia
958 673 1069 726 regi.
1141 673 1249 715 Non
1273 673 1391 714 enim
1412 678 1631 715 venerant
1650 686 1790 714 naves

534 754 615 794 per
649 753 774 781 mare
814 739 1078 789 occidentis,
1111 739 1232 780 sicut
1266 739 1658 792 praeordinaverat
1691 751 1791 787 rex,

535 807 644 860 quia
678 806 934 847 contrarius
967 805 1117 846 fuerat
1148 805 1214 846 eis
1243 809 1436 856 ventus3
1469 809 1689 846 venerant
1719 808 1790 845 ta-

534 886 637 914 men
661 872 870 926 quaedam
897 885 999 912 cum
1029 871 1237 912 ducentis
1268 870 1400 912 doliis
1422 870 1517 911 vini
1548 874 1594 911 et
1618 870 1790 911 victua·

534 939 653 979 libus
694 938 867 992 paucis.
949 936 1065 988 Quae
1115 937 1297 990 quidem
1337 936 1474 986 dolia,
1516 936 1686 985 statim,
1730 949 1789 977 ex

536 1009 767 1058 praecepto
811 1004 948 1056 regis,
984 1002 1229 1044 distributa
1262 1007 1370 1043 sunt
1405 1015 1487 1055 per
1521 1002 1789 1043 exercitum.

540 1070 754 1124 Dataque
786 1074 895 1110 sunt
915 1068 1227 1110 Wallensibus
1247 1068 1337 1110 duo
1361 1068 1485 1109 dolia
1508 1068 1602 1109 vini
1634 1067 1691 1108 ad
1725 1080 1790 1108 re-

537 1135 807 1176 focillandas
846 1147 1002 1176 eorum
1035 1134 1228 1183 animas,
1258 1147 1312 1175 eo
1345 1134 1465 1187 quod
1501 1133 1635 1174 valde
1671 1133 1790 1174 defe-

537 1206 695 1242 cerant
741 1205 787 1241 et
827 1201 1137 1242 moriebantur
1178 1199 1482 1252 glomeratim.
1553 1198 1646 1249 Qui
1687 1211 1790 1239 cum

538 1266 874 1319 degustassent,
913 1265 1128 1306 continuo
1172 1264 1384 1305 inebriati
1428 1269 1561 1315 sunt3
1608 1268 1655 1306 et
1696 1265 1792 1305 rix-

538 1336 667 1373 antes
703 1344 806 1372 cum
838 1330 1047 1384 Anglicis
1083 1330 1392 1371 extenderunt
1431 1343 1593 1371 manus
1628 1331 1791 1372 noxias

536 1397 583 1438 in
612 1397 807 1439 christos
832 1396 1033 1446 Domini,
1055 1395 1327 1450 perimentes
1357 1409 1415 1437 ex
1446 1397 1511 1437 eis
1541 1397 1790 1438 octodecim

536 1475 770 1517 personaS,
784 1467 831 1504 et
847 1463 948 1504 aliis
971 1462 1321 1516 quamplurimis
1337 1462 1601 1504 vulneratis.
1653 1461 1789 1513 Quod

537 1543 638 1571 cum
671 1529 906 1570 audissent
935 1532 1169 1581 equestres
1200 1528 1372 1570 turbati
1402 1533 1526 1578 sunt,
1550 1532 1596 1569 et
1627 1529 1792 1569 armati

538 1596 755 1637 continuo
788 1599 1109 1648 processerunt
1147 1593 1194 1634 in
1230 1598 1418 1635 mortem
1460 1607 1632 1643 eorum,
1673 1594 1792 1635 occi-

537 1661 690 1714 sisque
715 1660 950 1713 octoginta
972 1659 1288 1701 Wallensibus
1320 1659 1521 1712 reliquos
1538 1660 1599 1704 ‚in
1633 1659 1791 1712 fugam

537 1731 874 1768 converterunt.
943 1725 1082 1766 Mane
1107 1725 1287 1778 quidem
1309 1725 1430 1767 facto
1451 1725 1666 1767 dixerunt
1690 1727 1791 1779 qui-

537 1793 642 1834 dam
672 1793 798 1846 regi:
835 1795 864 1813 “
884 1791 1002 1833 Ecce
1023 1791 1282 1832 Wallenses
1317 1804 1457 1846 supra
1479 1792 1663 1833 modum
1687 1792 1793 1833 irati

538 1862 724 1912 propter
752 1858 902 1898 rixam
947 1857 1206 1898 hesternam
1243 1870 1293 1899 se
1335 1857 1483 1899 Scotis
1514 1858 1791 1912 conjungere

538 1929 585 1965 et
617 1924 725 1965 dare
755 1923 1017 1977 disponunt,
1036 1923 1124 1964 nisi
1155 1936 1237 1976 per
1267 1929 1328 1973 te,
1352 1923 1391 1964 Ο
1414 1937 1513 1975 rex,
1535 1924 1592 1965 ad
1622 1925 1791 1965 bonum

539 1990 666 2043 pacis
690 1989 1002 2031 revocentur.''
1073 1988 1133 2030 Et
1154 1993 1253 2030 erat
1275 1994 1384 2031 tunc
1406 2002 1562 2031 eorum
1577 2003 1792 2031 numerus

539 2056 671 2109 quasi
693 2055 1000 2109 quadraginta
1012 2055 1171 2096 millia.
1216 2055 1276 2096 Et
1297 2055 1363 2096 ait
1382 2068 1482 2105 rex,
1500 2059 1530 2078 “
1549 2055 1665 2106 Quae
1681 2069 1793 2097 cura

540 2121 579 2162 si
600 2121 755 2163 hostes
773 2121 982 2162 hostibus
1005 2115 1373 2175 conjungantur?
1444 2117 1655 2174 Uterque
1675 2122 1793 2163 enim

541 2190 554 2209 ‘
569 2200 722 2228 eorum
736 2182 770 2206 '²
792 2187 937 2228 hostis
958 2191 1116 2228 noster
1137 2191 1233 2236 est;
1267 2187 1439 2228 vadant
1471 2200 1581 2241 ergo
1603 2201 1694 2241 quo
1715 2201 1793 2229 vo-

539 2252 718 2301 luerint,
760 2252 992 2306 quoniam,
1024 2257 1212 2294 auctore
1250 2253 1465 2303 Domino,
1507 2254 1554 2294 in
1597 2267 1689 2295 uno
1722 2254 1795 2295 die

540 2319 869 2360 vindicabimur
888 2318 944 2359 de
964 2318 1217 2372 utrisque.''
1285 2318 1422 2370 Quod
1436 2332 1539 2361 cum
1561 2319 1796 2362 audissent

538 2384 621 2434 illi,
642 2384 786 2426 secuti
810 2388 916 2425 sunt
949 2397 1120 2437 regem,
1141 2384 1221 2425 sed
1251 2388 1403 2426 tamen
1433 2397 1460 2426 a
1489 2384 1638 2437 longe.
1709 2385 1794 2426 Di·-

539 2451 727 2491 cebatur
757 2451 876 2492 enim
903 2450 1025 2503 quod
1055 2450 1094 2490 si
1115 2450 1338 2491 vidissent
1373 2450 1535 2491 Scotos
1564 2451 1611 2491 in
1637 2451 1794 2503 aliquo

539 2517 805 2568 praevalere,
827 2528 876 2557 se
907 2515 1064 2557 statim
1086 2515 1198 2568 ipsis
1222 2515 1567 2569 conjunxissent
1596 2516 1643 2556 in
1672 2529 1793 2557 mor-

538 2586 627 2622 tem
646 2581 916 2635 Anglorum.
985 2581 1242 2634 Dissipavit
1259 2586 1412 2622 tamen
1438 2581 1662 2622 Dominus
1683 2582 1793 2623 ima-

585 2743 592 2760 ¹
618 2741 627 2757 ‘
646 2742 698 2772 De
733 2741 879 2772 Defectu
912 2737 1148 2779 Victualium‚’
1230 2759 1243 2778 2
1265 2762 1414 2794 Omitted
1430 2762 1464 2793 in
1481 2762 1556 2794 MS·
1575 2762 1699 2793 Lansd·

539 2786 613 2817 MS.
631 2787 716 2818 Cott.
732 2788 838 2826 Vesp.

2032 1114 2038 1128 .-
2031 924 2038 1105 *ᾐ-..υ-
2036 903 2038 918 .„
2036 883 2038 895 .,
