1992 3202
476 278 702 310 wAm’Em
735 278 797 308 DE
829 278 1208 309 HEMINGBURGH.
1400 267 1460 308 95

198 382 319 423 filius
343 382 569 424 ,Iohannis
599 382 778 437 Comyn
802 382 858 423 de
883 382 1180 437 Badenacgh,
1202 395 1307 424 cum
1331 394 1463 423 exer-

197 449 291 490 citu
319 449 506 503 copioso
538 449 798 498 Scotorum,
831 454 1069 490 numerato
1102 449 1159 490 ad
1189 448 1466 502 quingentos

198 514 375 567 equites
410 520 612 556 armatos
655 519 701 556 et
735 526 818 556 XL.
853 515 996 556 millia
1036 515 1257 569 peditum,
1293 513 1467 567 egressi

199 585 309 621 sunt
345 594 374 622 a
412 581 550 622 Valle
586 580 830 631 Anandiae,
873 585 1165 623 transeuntes
1205 593 1374 635 aquam
1411 579 1469 620 de

200 646 461 688 Sulewath¹
491 660 572 701 per
604 648 694 688 tria
732 647 849 696 loca,
882 647 1176 688 incendentes
1209 647 1267 687 ab
1295 645 1468 687 Arthe-

200 717 270 753 ret
290 717 336 753 et
354 726 435 766 per
454 713 651 754 medium
672 713 855 754 forestae
875 712 1106 766 Nicholay
1124 725 1271 766 usque
1291 711 1470 753 Carlio-

201 778 295 819 lum
338 791 496 820 omnes
526 779 662 821 villas
704 778 1160 832 circumadjacentes,
1189 778 1468 831 perimentes

201 844 356 896 gladio
385 844 459 885 vel
485 844 648 885 saltem
686 843 969 884 trucidantes
1003 848 1233 897 quotquot
1265 843 1468 885 invenire

203 914 432 962 poterant,
456 922 547 950 non
577 914 818 962 parcentes
849 909 999 958 sexui,
1030 908 1194 959 ordini,
1218 908 1291 950 vel
1322 908 1467 950 aetati.

1501 390 1620 417 Edwnrd
1633 390 1659 415 1.

1495 425 1529 450 Α.
1545 425 1580 449 D.
1594 424 1668 448 1296.

202 974 292 1016 Die
333 987 442 1016 vero
490 974 659 1015 Martis
706 974 937 1027 parabant
983 987 1033 1016 se
1073 974 1132 1015 ad
1183 974 1468 1015 obsidionem
1485 983 1686 1016 Theybesiesse

202 1040 405 1082 civitatis
443 1039 741 1082 Carliolensis
779 1053 840 1081 ex
874 1040 1088 1093 opposito
1125 1040 1289 1082 Pontis
1320 1040 1468 1090 Eden,

202 1106 282 1148 sed
307 1107 481 1159 egressi
509 1111 615 1148 sunt
642 1106 828 1160 quidam
857 1106 1090 1159 sagittarii
1123 1111 1169 1148 et
1197 1105 1256 1147 ad
1286 1110 1469 1160 tempus

202 1173 430 1214 modicum
473 1177 660 1226 pontem
702 1172 1015 1222 defenderunt,
1058 1176 1351 1226 asportantes
1398 1176 1468 1213 ta-

204 1239 334 1280 bulas
378 1251 493 1292 quas
534 1243 762 1292 poterant.
847 1237 984 1288 Quod
1032 1238 1238 1280 videntes
1285 1238 1468 1288 armati,

201 1305 606 1347 circumduxerunt
662 1308 839 1358 partem
907 1304 1139 1346 exercitus
1199 1308 1247 1345 et
1301 1316 1469 1357 aquam

206 1372 488 1413 transierunt
520 1370 578 1411 ad
603 1370 772 1412 vadum
803 1370 889 1411 sub
914 1370 1026 1412 villa
1059 1368 1346 1419 Ricardina‚²
1379 1370 1470 1410 cir-

204 1436 539 1478 cumvallantes
562 1435 799 1478 civitatem
825 1448 887 1476 ex
915 1436 1038 1476 omni
1066 1440 1199 1489 parte
1235 1440 1282 1477 et
1309 1435 1470 1477 domos

203 1503 490 1544 suburbanas
513 1501 723 1543 incendio
747 1506 1107 1543 concremantes.
1177 1501 1293 1543 Erat
1315 1506 1470 1543 autem

202 1570 249 1610 in
292 1569 478 1610 civitate
524 1572 634 1609 tunc
684 1567 904 1621 temporis
953 1567 1139 1620 quidam
1186 1567 1470 1620 explorator,

204 1635 436 1677 Patricius
466 1633 663 1683 nomine,
697 1633 777 1687 qui
811 1646 894 1687 pro
932 1632 1176 1675 manifesta
1210 1633 1470 1686 suspicione

203 1701 343 1755 paulo
373 1705 480 1742 ante
508 1705 672 1753 captus
699 1699 943 1741 tenebatur
968 1700 1015 1740 in
1039 1699 1234 1741 vinculis
1257 1700 1344 1740 sub
1367 1711 1469 1740 cus-

203 1767 330 1810 todia
387 1766 586 1808 carceris
642 1765 859 1808 civitatis,
948 1765 1043 1807 Hic
1103 1778 1208 1807 cum
1262 1764 1470 1806 audisset

202 1832 445 1876 advenisse
483 1832 646 1873 Scotos
683 1844 794 1873 mox
837 1831 1024 1873 vincula
1067 1831 1265 1885 disrupit
1295 1836 1343 1872 et
1387 1831 1469 1872 do-

202 1912 326 1940 mum
347 1897 556 1939 accendit
575 1898 622 1938 in
646 1909 739 1950 qua
761 1897 995 1951 paulisper
1021 1902 1271 1947 manserat,
1289 1897 1470 1938 statim-

202 1979 292 2019 que
324 1977 503 2019 murum
536 1962 739 2005 civitatis
772 1963 1038 2012 ascendens,
1073 1963 1381 2004 conclamavit
1412 1963 1469 2004 ad

203 2032 365 2072 Scotos
409 2035 462 2071 ut
507 2029 701 2070 viriliter
749 2034 942 2081 agerent
993 2033 1039 2069 et
1085 2028 1469 2070 confortarentur.

205 2096 298 2148 Qui
318 2109 422 2137 cum
452 2098 807 2147 cognosceretur
827 2106 856 2134 a
875 2093 1348 2135 civibus'inclamore
1369 2106 1470 2143 suo,

203 2163 370 2204 iterum
397 2160 706 2214 deprehensus
742 2164 814 2201 est
843 2163 890 2200 et
920 2158 1092 2200 carceri
1122 2159 1264 2200 castri
1295 2160 1469 2208 manci÷

203 2233 341 2282 patus
370 2231 459 2277 est,
481 2230 528 2267 et
556 2230 663 2279 post
689 2224 786 2266 dies
816 2224 992 2278 aliquot
1021 2237 1115 2267 una
1143 2238 1247 2266 cum
1279 2225 1470 2267 custode

204 2307 289 2336 suo
321 2293 469 2347 primo
501 2295 648 2333 morte
680 2291 924 2332 damnatus
955 2296 1041 2342 est,
1071 2296 1261 2342 tractus,
1292 2296 1339 2333 et
1368 2304 1471 2333 sus-

204 2372 390 2415 pensus.
481 2358 659 2399 Domus
717 2357 876 2411 itaque
926 2370 1008 2411 per
1050 2357 1223 2411 ‘ipsum
1276 2369 1471 2398 accensa

205 2425 412 2468 accendit
442 2424 574 2474 alias,
596 2428 658 2474 et,
682 2428 821 2465 vento
843 2422 1000 2474 flante,
1029 2422 1155 2464 facta
1184 2428 1255 2465 est
1284 2423 1470 2464 flamma

204 2504 351 2534 vorax
392 2492 439 2532 in
481 2491 769 2540 immensum,
807 2490 1138 2542 combustaque
1182 2493 1252 2530 est
1301 2501 1471 2542 magna

205 2570 313 2612 pars
340 2557 559 2606 civitatis,
580 2561 626 2598 et
655 2555 881 2598 dissoluta
901 2560 1009 2597 sunt
1037 2555 1177 2597 corda
1204 2555 1471 2605 multorum,

204 2624 469 2674 dicentium,
484 2626 514 2645 “
526 2622 676 2677 Capta
692 2627 763 2664 est
779 2622 959 2673 civitas,
974 2621 1204 2675 fugiamus
1215 2622 1225 2664 !
1236 2621 1263 2638 ”
1296 2620 1472 2662 Cucur-

300 2773 308 2792 ¹
334 2774 472 2814 Solway
487 2773 596 2805 Frith.
907 2770 919 2789 ²
942 2771 1126 2812 Rickerby,
1141 2769 1379 2802 Cumberland.

1486 1017 1612 1043 CarHsle.
