1992 3202
456 282 680 314 WALTEm
714 282 776 313 DE
807 283 1184 315 Hammonunen.
1390 273 1449 315 99

183 385 310 439 prius
339 385 605 440 juramento
649 388 772 441 quod
806 402 1040 443 nunquam
1083 393 1246 430 contra
1283 401 1333 430 se
1373 388 1447 430 vel
1481 397 1643 458 115ᾱέῆὲῼὲ

182 464 374 504 regnum
431 451 616 506 Angliae
667 466 852 496 manum
906 455 1149 508 erigerent,
1205 458 1445 509 portantes
1461 449 1651 519 Calssm'ms'

181 529 310 558 arma
342 518 561 560 ‘libere'¹
599 520 726 561 abire
758 521 978 574 permisit.
1050 521 1270 562 Mulieres
1306 520 1445 562 etiam
1462 520 1601 546 Befflffl‘·

181 583 385 637 ejusdem
421 585 547 626 urbis
582 591 687 640 post
722 586 819 628 dies
846 587 1023 640 aliquot
1053 587 1353 629 mittebantur
1387 587 1446 628 ad

182 650 402 702 populum
445 664 595 702 suum,
638 658 684 694 et
726 653 939 695 abierunt
981 653 1028 693 in
1071 665 1200 706 pace.
1271 652 1448 694 Mansit

183 721 336 757 autem
371 730 454 758 rex
489 718 536 758 in
566 718 723 761 eadem
756 719 868 760 urbe
899 719 1059 760 diebus
1088 730 1169 760 xv.
1199 723 1246 760 et
1276 731 1448 760 novum

183 781 291 823 fecit
321 784 525 824 construi
554 784 777 826 fossatum
804 784 1062 826 latitudinis
1093 795 1252 826 Lxxx.
1280 785 1447 838 pedum

182 852 228 889 et
250 848 579 902 profunditatis
606 860 685 892 XL.

209 993 300 1035 Rea:
319 994 465 1036 Scotiae
485 994 671 1037 reddidit
689 994 943 1051 Homayiwm
962 1009 1081 1037 suwm
1101 996 1206 1051 12092·
1225 995 1406 1051 Anyliae.

250 1108 460 1163 Cumque
502 1115 709 1152 maneret
748 1110 917 1152 ibidem
956 1111 1038 1160 sic,
1077 1111 1204 1152 misit
1243 1111 1302 1152 ad
1343 1124 1447 1152 eum
1467 1128 1559 1154 naum

1465 1168 1553 1187 fenon
1556 1167 1620 1185 noes

181 1188 266 1216 rex
315 1175 483 1218 Scotiae
530 1177 736 1225 nuncios,
787 1171 1027 1230 religiosos
1076 1178 1215 1226 viros,
1272 1178 1448 1219 scilicet
1464 1194 1667 1226 msaqumnce

182 1240 370 1282 fratrem
429 1241 657 1284 Adamum
712 1242 856 1284 Blunt
915 1243 1188 1296 gardianum
1251 1243 1447 1285 fratrum
1464 1227 1634 1300 ‘1912532532‘3'

185 1306 419 1348 Minorum
462 1308 519 1350 de
561 1307 888 1362 Rokesburgh,
933 1313 980 1350 et
1019 1314 1112 1350 tres
1155 1309 1306 1359 socios
1343 1322 1445 1350 cum
1465 1294 1581 1327 ’ΨΜ

183 1386 239 1414 eo
280 1373 462 1424 fratres,
503 1375 666 1428 quinto
709 1374 783 1416 die
826 1375 1028 1416 intrante
1065 1388 1221 1416 mense
1255 1374 1449 1429 Aprilis,

182 1439 262 1492 qui
314 1440 403 1481 sibi
454 1440 720 1494 homagium
781 1454 916 1482 suum
966 1441 1204 1483 traderent
1252 1442 1301 1482 in
1349 1441 1450 1483 haec

182 1505 350 1547 verba:

250 1570 528 1624 Magnifico²
575 1572 786 1626 principi,
831 1571 1016 1613 domino
1064 1571 1310 1622 Edwardo,
1360 1573 1450 1614 Dei

182 1636 335 1690 gratia
363 1637 462 1691 regi
495 1636 699 1691 Angliae,
730 1637 759 1679 J
765 1638 967 1679 ohannes
997 1637 1157 1679 eadem
1184 1639 1338 1691 gratia
1367 1652 1451 1680 rex

182 1702 365 1746 Scotiae.
434 1702 551 1745 Cum
575 1717 671 1754 vos,
696 1717 750 1746 ac
774 1704 854 1745 alii
877 1704 934 1745 de
958 1717 1101 1757 regno
1123 1709 1294 1755 vestro,
1318 1705 1450 1746 vobis

181 1782 273 1810 non
292 1770 625 1822 ignorantibus,
649 1771 722 1812 vel
742 1769 904 1812 saltem
928 1771 1142 1823 ignorare
1166 1783 1258 1812 non
1282 1771 1451 1812 deben-

184 1835 324 1886 tibus,
355 1849 437 1889 per
461 1835 708 1878 violentam
737 1837 991 1890 potentiam
1016 1841 1220 1879 vestram
1245 1838 1379 1878 nobis
1405 1842 1452 1878 et

183 1902 310 1954 regni
341 1903 488 1943 nostri
516 1902 678 1944 incolis
707 1915 875 1956 graves
910 1907 958 1944 et
986 1902 1300 1944 intolerabiles
1329 1903 1450 1957 inju-

182 1967 291 2017 rias,
312 1974 604 2022 contemptus
627 1973 674 2010 et
698 1969 987 2022 gravamina,
1013 1981 1191 2010 necnon
1214 1974 1262 2010 et
1284 1969 1452 2009 damna

183 2035 402 2084 enormia,
423 2039 586 2076 contra
605 2040 789 2077 nostras
809 2039 854 2075 et
878 2035 1009 2087 regni
1030 2034 1177 2075 nostri
1197 2033 1451 2083 libertates,

183 2111 237 2139 ac
261 2106 424 2141 contra
448 2101 600 2142 Deum
624 2105 670 2142 et
691 2100 941 2155 justitiam,
966 2099 1145 2141 notorie
1169 2104 1216 2140 et
1236 2099 1451 2153 frequen-

233 2272 242 2292 ¹
266 2273 277 2290 ‘
289 2272 436 2312 liberos‚’
451 2272 527 2304 MS.
544 2271 632 2305 Coll.
648 2272 742 2304 Arm.

834 2271 1077 2303 introduction:
1112 2271 1135 2288 “
1147 2271 1188 2302 In
1215 2271 1284 2303 Dei
1307 2271 1452 2312 nomine,

230 2319 244 2338 ²
265 2318 297 2350 A
322 2329 407 2358 copy
423 2319 460 2350 of
478 2318 545 2350 this
570 2319 750 2350 document
769 2317 799 2349 is
833 2318 954 2350 Amen.
980 2317 1058 2349 Hoc
1073 2320 1125 2349 est
1135 2317 1326 2357 exemplum
1338 2319 1453 2357 cujus-

183 2365 318 2405 printed
342 2366 377 2396 in
405 2363 559 2405 Rymer’s
587 2365 745 2404 Foedera,
775 2364 799 2397 i.

185 2414 260 2451 836,
276 2412 476 2452 purporting
491 2414 525 2442 to
540 2411 581 2443 be
596 2411 701 2443 taken
716 2411 799 2442 from

180 2458 236 2490 the
260 2458 339 2490 Litt.
362 2461 396 2490 et
415 2457 559 2498 Autogr.
582 2458 681 2490 Edw.
699 2457 743 2498 10,
766 2457 801 2488 in

181 2505 239 2536 the
252 2505 374 2537 Tower
388 2504 427 2535 of
438 2503 587 2536 London.
635 2504 668 2534 A
683 2503 801 2535 search

182 2551 244 2583 has
268 2551 351 2583 been
374 2550 473 2582 made
497 2550 589 2582 there
612 2550 663 2581 for
681 2550 719 2590 it,
743 2550 803 2581 but

183 2598 327 2629 without
343 2606 493 2629 success.
531 2596 602 2628 The
617 2597 802 2628 variatione

181 2644 334 2675 between
378 2642 668 2683 Hemingburgh's
717 2652 803 2682 copy

183 2690 250 2721 and
274 2690 346 2721 that
368 2690 502 2729 printed
525 2690 559 2720 in
577 2689 634 2721 the
658 2689 804 2720 Foedera

183 2745 240 2767 are
257 2737 356 2776 given
371 2737 495 2768 below.
542 2735 614 2767 The
630 2735 804 2775 exemplar

182 2792 390 2814 commences
420 2782 502 2813 with
539 2782 595 2813 the
633 2781 806 2821 following

833 2364 911 2396 dam
934 2364 1056 2395 litterae
1080 2365 1170 2404 regis
1195 2364 1330 2404 Scotiae‚
1353 2367 1388 2395 et
1409 2374 1452 2395 ex

835 2413 930 2450 parte
944 2410 1095 2451 ejusdem
1105 2411 1194 2450 regis
1206 2419 1267 2450 per
1275 2410 1452 2450 religiosos

835 2457 924 2488 viros
947 2456 1145 2497 gardianum
1175 2456 1315 2487 fratrum
1342 2456 1453 2487 Mino*

835 2513 907 2534 rum
929 2503 972 2534 de
996 2502 1254 2542 Rokesbourgh‚
1274 2505 1308 2533 et
1325 2503 1453 2534 socium

836 2559 948 2589 suum,
964 2559 1051 2580 anno
1063 2549 1202 2580 Domini
1217 2557 1387 2581 M.ccxcv¹.
1403 2546 1454 2580 in-

836 2596 982 2627 dictione
994 2605 1093 2636 nona,
1107 2595 1225 2634 quinta
1239 2594 1295 2626 die
1310 2595 1454 2626 intrante

838 2651 950 2673 mense
965 2642 1107 2681 Aprilis,
1122 2641 1214 2681 apud
1231 2641 1454 2681 Berewycum

838 2698 940 2728 super
949 2687 1124 2728 Twedam,
1133 2688 1167 2718 in
1181 2690 1291 2719 castro
1303 2687 1454 2728 ejusdem

839 2734 942 2774 villae,
957 2734 1092 2765 domino
1115 2734 1184 2774 regi
1207 2733 1343 2774 Angliae
1367 2743 1454 2773 prae-

840 2783 994 2820 sentatae,
1009 2782 1108 2820 quus
1122 2783 1216 2812 tenor
1229 2780 1309 2811 talis
1324 2779 1411 2812 est.''

1203 2852 1270 2881 112
