2038 3306
519 314 743 346 WALTERI
775 314 837 343 DE
868 314 1244 345 HEMINGBURGH.
1412 303 1500 346 283

233 431 337 460 cum
371 417 491 468 aliis,
516 417 660 472 juxta
689 418 944 459 doctrinam
979 419 1193 472 apostoli,
1222 431 1361 460 onera
1391 432 1497 472 par·
1528 428 1704 487 {⁶3⁸¹fssgg·

234 485 420 538 tiamur‚
441 483 782 538 inquisitionem
815 483 1077 538 hujusmodi
1108 498 1189 538 per
1215 485 1499 527 venerabiles
1516 481 1582 542 Bu'n
1594 481 1625 542 (ζ,
1643 479 1716 549 Pop}

234 550 399 591 fratres
425 555 608 592 nostros
630 550 915 592 dioecesanos
936 551 1176 605 episcopos
1197 550 1245 592 in
1265 551 1363 592 suis
1382 551 1497 592 dioe-
1516 551 1657 576 ‘nemen‘-

233 616 413 657 cesibus
449 622 495 658 et
522 616 624 658 aliis
651 616 899 670 deputatos
933 629 965 658 a
993 617 1124 658 nobis
1154 622 1314 658 contra
1339 617 1500 670 singu-

233 681 353 723 lares
375 695 597 736 personas
618 682 801 736 praefati
823 682 1011 732 ordinis,
1034 688 1081 723 et
1104 695 1186 736 per
1213 682 1396 724 eosdem
1417 695 1500 737 per

235 761 319 790 nos
351 750 490 790 etiam
522 749 770 802 deputatos
800 752 961 789 contra
989 748 1140 802 ipsum
1165 748 1372 790 ordinem
1400 748 1499 790 fieri

235 814 565 863 mandavimus,
599 813 741 868 juxta
773 818 1050 862 nostrarum,
1088 826 1206 868 quas
1238 827 1378 868 super
1412 814 1500 856 hoc

235 880 301 921 eis
324 880 577 933 dirigimus,
610 879 938 921 continentiam
957 879 1206 920 literarum.
1275 879 1500 922 Volentes

233 945 386 998 igitur,
419 950 472 987 ut
507 944 666 986 eadem
697 944 933 998 inquisitio
966 945 1025 986 ad
1063 945 1152 986 Dei
1182 944 1417 996 honorem,
1450 952 1501 988 et

234 1010 341 1052 fidei
378 1011 618 1053 catholicae
653 1010 1040 1061 observationem,
1081 1015 1130 1052 et
1163 1010 1309 1052 totius
1348 1010 1500 1053 Chris·

234 1077 461 1119 tianitatis
511 1077 777 1127 utilitatem,
825 1076 961 1117 finem
1009 1077 1213 1118 debitum
1264 1077 1500 1127 sortiatur,

235 1143 430 1185 citamus
460 1148 620 1185 tenore
654 1143 950 1197 praesentium
990 1143 1295 1196 peremptorie
1324 1144 1500 1186 locum·

236 1214 468 1251 tenentem
496 1209 748 1264 supradicti
770 1209 995 1262 magistri,
1015 1214 1062 1250 et
1088 1216 1364 1251 conventum
1391 1209 1502 1252 dicti

236 1275 424 1325 ordinis,
455 1276 502 1316 in
544 1289 687 1329 regno
723 1275 882 1330 Cypri,
925 1288 1172 1329 omnesque
1213 1281 1260 1317 et
1293 1276 1502 1330 singulas

237 1354 459 1395 personas
489 1341 650 1395 ipsius,
671 1341 768 1382 sive
800 1342 894 1382 sint
919 1342 1176 1395 presbyteri
1205 1342 1303 1383 sive
1330 1342 1501 1393 clerici,
1535 1357 1537 1359 ¹

238 1408 419 1456 milites,
455 1413 779 1461 praeceptoreS,
819 1407 1083 1458 servienteS‚
1119 1413 1168 1449 et
1204 1408 1322 1450 alios
1361 1421 1501 1462 quos-

238 1486 433 1526 cumque
467 1473 635 1515 fratres
664 1473 870 1528 ejusdem
903 1473 1092 1524 ordinis,
1127 1474 1176 1514 in
1206 1487 1349 1527 regno
1382 1487 1501 1528 prae·

237 1539 360 1581 dicto
405 1539 479 1580 vel
532 1539 636 1581 aliis
677 1540 886 1593 partibus
937 1539 1302 1594 quibuscumque
1351 1546 1501 1583 trans-

237 1605 425 1646 marinis
454 1611 687 1646 morantes
725 1617 806 1646 seu
838 1605 1104 1656 existentes,
1136 1619 1194 1647 ex
1226 1618 1501 1661 quacunque

237 1684 379 1712 causa
411 1671 579 1712 ibidem
613 1671 813 1721 fuerant,
846 1671 953 1713 illos
986 1671 1200 1714 videlicet
1236 1673 1316 1726 qui
1344 1678 1502 1715 nostra

238 1737 515 1779 auctoritate
533 1738 657 1791 capti
681 1742 727 1778 et
748 1737 924 1779 detenti
942 1750 1033 1779 non
1054 1743 1179 1787 sunt,
1203 1738 1325 1792 quod
1346 1739 1434 1793 ipsi
1455 1745 1502 1782 et

237 1816 394 1845 eorum
409 1804 601 1857 quilibet
622 1816 776 1845 coram
799 1803 932 1846 dictis
950 1803 1224 1846 dioecesanis
1247 1811 1294 1847 et
1315 1818 1397 1859 per
1416 1818 1501 1848 nos

238 1871 303 1911 eis
345 1870 574 1925 adjunctis
610 1882 726 1924 quos
763 1870 1059 1923 praemittitur
1098 1871 1384 1913 decrevimus
1425 1872 1504 1914 de-

238 1936 481 1989 putandos,
506 1936 554 1977 in
583 1936 777 1977 termino
802 1949 938 1990 quem
968 1936 1058 1989 ipsi
1090 1950 1173 1990 per
1195 1950 1353 1979 eorum
1387 1940 1502 1992 pub-

238 2002 375 2043 licum
415 2002 614 2044 edictum
655 2002 898 2044 citationes
941 2007 1217 2053 statuerant,
1257 2016 1399 2045 causa
1433 2004 1503 2045 di-

239 2069 371 2110 cendi
393 2081 548 2110 coram
569 2068 635 2109 eis
657 2067 714 2109 de
737 2068 970 2121 praedictis
998 2068 1210 2110 omnibus
1231 2069 1502 2123 veritatem3

241 2146 295 2175 ac
325 2134 507 2175 demum
534 2133 618 2184 illi,
645 2134 725 2187 qui
755 2133 811 2175 de
846 2133 1006 2175 eadem
1039 2135 1314 2176 auctoritate
1345 2127 1505 2178 nost'ra

242 2200 366 2254 capti
387 2213 478 2241 non
499 2199 683 2241 fuerunt
701 2199 775 2241 vel
792 2199 981 2250 detenti,
1002 2201 1320 2253 personaliter,
1338 2207 1385 2243 et
1405 2202 1504 2256 ipse

241 2271 495 2307 conventus
535 2278 617 2319 per
658 2265 848 2307 idoneos
885 2266 1102 2320 syndicos
1137 2267 1212 2308 vel
1241 2267 1504 2310 defensores

242 2345 397 2373 coram
418 2332 549 2373 nobis
570 2331 618 2373 in
640 2331 844 2385 generali
868 2332 1077 2382 concilio,
1098 2332 1221 2386 quod
1244 2332 1438 2376 Viennae
1458 2335 1506 2376 in

244 2397 467 2440 kalendas
510 2397 727 2440 Octobris
777 2397 835 2439 ad
888 2397 1004 2440 duos
1039 2411 1185 2440 annos
1235 2402 1507 2454 congregari

242 2464 580 2514 mandavimuS,
607 2469 700 2506 tam
733 2463 993 2505 nominibus
1024 2464 1120 2506 suis
1148 2466 1343 2519 propriis
1367 2479 1505 2520 quam

244 2530 418 2571 ordinis
454 2530 684 2585 praelibati
728 2543 992 2584 comparere
1032 2536 1295 2584 procurent,
1329 2533 1507 2588 seipsos

244 2602 293 2638 et
327 2597 477 2650 ipsum
510 2596 730 2646 ordinem,
761 2597 801 2638 si
824 2596 1070 2647 voluerint,
1100 2610 1239 2651 super
1273 2598 1507 2653 praedictis

245 2663 448 2716 legitime
472 2662 716 2713 defensuri,
738 2667 784 2705 et
799 2662 991 2717 justam,
1012 2663 1148 2704 dante
1170 2664 1384 2715 Domino,
1406 2678 1505 2707 sen·

246 2729 437 2770 tentiam
466 2729 540 2771 vel
579 2729 913 2771 ordinationem
947 2733 1149 2770 nostram
1181 2729 1412 2773 humiliter
1443 2745 1510 2774 re-

247 2795 453 2848 cepturi;
491 2809 580 2837 non
605 2796 895 2838 obstantibus
920 2795 1171 2849 privilegiis
1197 2796 1342 2839 eidem
1363 2798 1510 2840 ordini
