<?xml version="1.0" encoding="UTF-8"?>
<!DOCTYPE html PUBLIC "-//W3C//DTD XHTML 1.0 Transitional//EN"
    "http://www.w3.org/TR/xhtml1/DTD/xhtml1-transitional.dtd">
<html xmlns="http://www.w3.org/1999/xhtml" xml:lang="en" lang="en">
 <head>
  <title>
</title>
<meta http-equiv="Content-Type" content="text/html;charset=utf-8" />
  <meta name='ocr-system' content='tesseract 3.04.00' />
  <meta name='ocr-capabilities' content='ocr_page ocr_carea ocr_par ocr_line ocrx_word'/>
</head>
<body>
  <div class='ocr_page' id='page_1' title='image "./chronicondominiw02hemiuoft/chronicondominiw02hemiuoft_0019.png"; bbox 0 0 2004 3272; ppageno 0'>
   <div class='ocr_carea' id='block_1_1' title="bbox 499 296 1485 338">
    <p class='ocr_par' dir='ltr' id='par_1_1' title="bbox 499 296 1485 338">
     <span class='ocr_line' id='line_1_1' title="bbox 499 296 1485 338; baseline 0 -2"><span class='ocrx_word' id='word_1_1' title='bbox 499 306 726 336; x_wconf 74' lang='lat' dir='ltr'>WAL&#39;PERI</span> <span class='ocrx_word' id='word_1_2' title='bbox 761 307 821 337; x_wconf 85' lang='lat' dir='ltr'><strong>DE</strong></span> <span class='ocrx_word' id='word_1_3' title='bbox 854 306 1227 338; x_wconf 83' lang='lat' dir='ltr'><strong>HEMINGBURGH.</strong></span> <span class='ocrx_word' id='word_1_4' title='bbox 1455 296 1485 336; x_wconf 83' lang='grc'><strong><em>5</em></strong></span> 
     </span>
    </p>
   </div>
   <div class='ocr_carea' id='block_1_2' title="bbox 213 408 1488 2321">
    <p class='ocr_par' dir='ltr' id='par_1_2' title="bbox 213 408 1488 2321">
     <span class='ocr_line' id='line_1_2' title="bbox 217 408 1482 465; baseline 0.002 -16"><span class='ocrx_word' id='word_1_5' title='bbox 217 408 432 463; x_wconf 87' lang='lat' dir='ltr'><strong>savitque</strong></span> <span class='ocrx_word' id='word_1_6' title='bbox 462 409 550 450; x_wconf 90' lang='lat' dir='ltr'><strong>sibi</strong></span> <span class='ocrx_word' id='word_1_7' title='bbox 579 410 625 451; x_wconf 91' lang='lat' dir='ltr'><strong>in</strong></span> <span class='ocrx_word' id='word_1_8' title='bbox 655 422 846 452; x_wconf 86' lang='lat' dir='ltr'><strong>uxorem</strong></span> <span class='ocrx_word' id='word_1_9' title='bbox 873 411 1012 453; x_wconf 88' lang='lat' dir='ltr'><strong>filiam</strong></span> <span class='ocrx_word' id='word_1_10' title='bbox 1049 410 1278 465; x_wconf 87' lang='lat' dir='ltr'><strong>quondam</strong></span> <span class='ocrx_word' id='word_1_11' title='bbox 1309 410 1482 452; x_wconf 87' lang='lat' dir='ltr'><strong>domini</strong></span> 
     </span>
     <span class='ocr_line' id='line_1_3' title="bbox 217 474 1482 532; baseline 0.002 -17"><span class='ocrx_word' id='word_1_12' title='bbox 217 474 430 529; x_wconf 90' lang='lat' dir='ltr'><strong>Symonis</strong></span> <span class='ocrx_word' id='word_1_13' title='bbox 451 476 507 517; x_wconf 93' lang='lat' dir='ltr'><strong>de</strong></span> <span class='ocrx_word' id='word_1_14' title='bbox 531 476 815 527; x_wconf 89' lang='lat' dir='ltr'><strong>Montesorti,</strong></span> <span class='ocrx_word' id='word_1_15' title='bbox 837 490 1031 532; x_wconf 89' lang='lat' dir='ltr'><strong>cumque</strong></span> <span class='ocrx_word' id='word_1_16' title='bbox 1057 477 1303 519; x_wconf 86' lang='lat' dir='ltr'><strong>duceretur</strong></span> <span class='ocrx_word' id='word_1_17' title='bbox 1326 476 1482 531; x_wconf 90' lang='lat' dir='ltr'><strong>puella</strong></span> 
     </span>
     <span class='ocr_line' id='line_1_4' title="bbox 215 541 1482 598; baseline 0.002 -16"><span class='ocrx_word' id='word_1_18' title='bbox 215 554 296 594; x_wconf 90' lang='lat' dir='ltr'><strong>per</strong></span> <span class='ocrx_word' id='word_1_19' title='bbox 327 541 586 583; x_wconf 91' lang='lat' dir='ltr'><strong>Emericum</strong></span> <span class='ocrx_word' id='word_1_20' title='bbox 617 543 804 584; x_wconf 88' lang='lat' dir='ltr'><strong>fratrem</strong></span> <span class='ocrx_word' id='word_1_21' title='bbox 850 557 1000 594; x_wconf 90' lang='lat' dir='ltr'><strong>suum,</strong></span> <span class='ocrx_word' id='word_1_22' title='bbox 1043 544 1122 598; x_wconf 91' lang='lat' dir='ltr'><strong>qui</strong></span> <span class='ocrx_word' id='word_1_23' title='bbox 1166 543 1482 585; x_wconf 82' lang='lat' dir='ltr'><strong>thesaurarius</strong></span> 
     </span>
     <span class='ocr_line' id='line_1_5' title="bbox 215 607 1483 664; baseline 0.003 -16"><span class='ocrx_word' id='word_1_24' title='bbox 215 607 367 650; x_wconf 84' lang='lat' dir='ltr'><strong>fuerat</strong></span> <span class='ocrx_word' id='word_1_25' title='bbox 407 609 610 651; x_wconf 92' lang='lat' dir='ltr'><strong>Eborum</strong></span> <span class='ocrx_word' id='word_1_26' title='bbox 652 610 872 661; x_wconf 65' lang='lat' dir='ltr'><strong>ecclesiae,</strong></span> <span class='ocrx_word' id='word_1_27' title='bbox 909 611 1034 664; x_wconf 89' lang='lat' dir='ltr'><strong>capti</strong></span> <span class='ocrx_word' id='word_1_28' title='bbox 1076 614 1186 652; x_wconf 90' lang='lat' dir='ltr'><strong>sunt</strong></span> <span class='ocrx_word' id='word_1_29' title='bbox 1228 610 1275 651; x_wconf 92' lang='lat' dir='ltr'><strong>in</strong></span> <span class='ocrx_word' id='word_1_30' title='bbox 1308 610 1423 652; x_wconf 90' lang='lat' dir='ltr'><strong>mari</strong></span> <span class='ocrx_word' id='word_1_31' title='bbox 1454 623 1483 652; x_wconf 89' lang='lat' dir='ltr'><strong>a</strong></span> 
     </span>
     <span class='ocr_line' id='line_1_6' title="bbox 215 674 1482 730; baseline 0.003 -16"><span class='ocrx_word' id='word_1_32' title='bbox 215 674 416 728; x_wconf 83' lang='lat' dir='ltr'><strong>quinque</strong></span> <span class='ocrx_word' id='word_1_33' title='bbox 455 677 678 729; x_wconf 89' lang='lat' dir='ltr'><strong>portubus</strong></span> <span class='ocrx_word' id='word_1_34' title='bbox 714 681 760 718; x_wconf 92' lang='lat' dir='ltr'><strong>et</strong></span> <span class='ocrx_word' id='word_1_35' title='bbox 797 677 855 718; x_wconf 89' lang='lat' dir='ltr'><strong>ad</strong></span> <span class='ocrx_word' id='word_1_36' title='bbox 894 689 1050 730; x_wconf 87' lang='lat' dir='ltr'><strong>regem</strong></span> <span class='ocrx_word' id='word_1_37' title='bbox 1085 676 1364 718; x_wconf 85' lang='lat' dir='ltr'><strong>Edwardum</strong></span> <span class='ocrx_word' id='word_1_38' title='bbox 1400 676 1482 718; x_wconf 89' lang='lat' dir='ltr'><strong>ad-</strong></span> 
     </span>
     <span class='ocr_line' id='line_1_7' title="bbox 215 740 1482 795; baseline 0.002 -14"><span class='ocrx_word' id='word_1_39' title='bbox 215 740 353 782; x_wconf 92' lang='lat' dir='ltr'><strong>ducti.</strong></span> <span class='ocrx_word' id='word_1_40' title='bbox 426 742 533 793; x_wconf 87' lang='lat' dir='ltr'><strong>Quo</strong></span> <span class='ocrx_word' id='word_1_41' title='bbox 572 743 746 792; x_wconf 87' lang='lat' dir='ltr'><strong>audito,</strong></span> <span class='ocrx_word' id='word_1_42' title='bbox 789 743 946 784; x_wconf 87' lang='lat' dir='ltr'><strong>statim</strong></span> <span class='ocrx_word' id='word_1_43' title='bbox 990 755 1206 795; x_wconf 82' lang='lat' dir='ltr'><strong>guerram</strong></span> <span class='ocrx_word' id='word_1_44' title='bbox 1249 743 1392 785; x_wconf 87' lang='lat' dir='ltr'><strong>movit</strong></span> <span class='ocrx_word' id='word_1_45' title='bbox 1435 743 1482 784; x_wconf 91' lang='lat' dir='ltr'><strong>in</strong></span> 
     </span>
     <span class='ocr_line' id='line_1_8' title="bbox 215 807 1482 862; baseline 0.002 -14"><span class='ocrx_word' id='word_1_46' title='bbox 215 807 390 849; x_wconf 88' lang='lat' dir='ltr'><strong>Wallia</strong></span> <span class='ocrx_word' id='word_1_47' title='bbox 417 808 518 862; x_wconf 89' lang='lat' dir='ltr'><strong>ipse</strong></span> <span class='ocrx_word' id='word_1_48' title='bbox 554 808 792 858; x_wconf 89' lang='lat' dir='ltr'><strong>Leulinus,</strong></span> <span class='ocrx_word' id='word_1_49' title='bbox 823 809 1074 850; x_wconf 84' lang='lat' dir='ltr'><strong>devastans</strong></span> <span class='ocrx_word' id='word_1_50' title='bbox 1103 808 1259 861; x_wconf 84' lang='lat' dir='ltr'><strong>gladio</strong></span> <span class='ocrx_word' id='word_1_51' title='bbox 1295 815 1341 850; x_wconf 89' lang='lat' dir='ltr'><strong>et</strong></span> <span class='ocrx_word' id='word_1_52' title='bbox 1374 809 1482 861; x_wconf 86' lang='lat' dir='ltr'><strong>igne</strong></span> 
     </span>
     <span class='ocr_line' id='line_1_9' title="bbox 214 873 1482 927; baseline 0.002 -13"><span class='ocrx_word' id='word_1_53' title='bbox 214 873 492 915; x_wconf 90' lang='lat' dir='ltr'><strong>succendens</strong></span> <span class='ocrx_word' id='word_1_54' title='bbox 527 887 814 927; x_wconf 86' lang='lat' dir='ltr'><strong>quaecunque</strong></span> <span class='ocrx_word' id='word_1_55' title='bbox 842 887 1005 916; x_wconf 85' lang='lat' dir='ltr'><strong>manus</strong></span> <span class='ocrx_word' id='word_1_56' title='bbox 1037 875 1187 927; x_wconf 89' lang='lat' dir='ltr'><strong>ipsius</strong></span> <span class='ocrx_word' id='word_1_57' title='bbox 1217 874 1482 927; x_wconf 87' lang='lat' dir='ltr'><strong>contingere</strong></span> 
     </span>
     <span class='ocr_line' id='line_1_10' title="bbox 214 939 1483 993; baseline 0.002 -13"><span class='ocrx_word' id='word_1_58' title='bbox 214 944 492 992; x_wconf 87' lang='lat' dir='ltr'><strong>potuerunt:</strong></span> <span class='ocrx_word' id='word_1_59' title='bbox 524 939 803 993; x_wconf 82' lang='lat' dir='ltr'><strong>divertitque</strong></span> <span class='ocrx_word' id='word_1_60' title='bbox 832 953 915 981; x_wconf 82' lang='lat' dir='ltr'><strong>rex</strong></span> <span class='ocrx_word' id='word_1_61' title='bbox 946 940 1114 982; x_wconf 91' lang='lat' dir='ltr'><strong>ibidem</strong></span> <span class='ocrx_word' id='word_1_62' title='bbox 1144 953 1248 986; x_wconf 89' lang='lat' dir='ltr'><strong>cum</strong></span> <span class='ocrx_word' id='word_1_63' title='bbox 1276 941 1483 982; x_wconf 84' lang='lat' dir='ltr'><strong>exercitu</strong></span> 
     </span>
     <span class='ocr_line' id='line_1_11' title="bbox 213 1005 1483 1060; baseline 0.002 -14"><span class='ocrx_word' id='word_1_64' title='bbox 213 1005 417 1058; x_wconf 92' lang='lat' dir='ltr'><strong>copioso,</strong></span> <span class='ocrx_word' id='word_1_65' title='bbox 449 1012 495 1047; x_wconf 91' lang='lat' dir='ltr'><strong>et</strong></span> <span class='ocrx_word' id='word_1_66' title='bbox 526 1006 573 1047; x_wconf 91' lang='lat' dir='ltr'><strong>in</strong></span> <span class='ocrx_word' id='word_1_67' title='bbox 604 1011 786 1048; x_wconf 89' lang='lat' dir='ltr'><strong>tantum</strong></span> <span class='ocrx_word' id='word_1_68' title='bbox 807 1007 1006 1048; x_wconf 83' lang='lat' dir='ltr'><strong>arctavit</strong></span> <span class='ocrx_word' id='word_1_69' title='bbox 1037 1019 1142 1047; x_wconf 91' lang='lat' dir='ltr'><strong>eum</strong></span> <span class='ocrx_word' id='word_1_70' title='bbox 1172 1006 1295 1060; x_wconf 92' lang='lat' dir='ltr'><strong>quod</strong></span> <span class='ocrx_word' id='word_1_71' title='bbox 1323 1019 1483 1060; x_wconf 87' lang='lat' dir='ltr'><strong>pacem</strong></span> 
     </span>
     <span class='ocr_line' id='line_1_12' title="bbox 214 1072 1483 1126; baseline 0.002 -14"><span class='ocrx_word' id='word_1_72' title='bbox 214 1084 420 1124; x_wconf 81' lang='lat' dir='ltr'><strong>quaerere</strong></span> <span class='ocrx_word' id='word_1_73' title='bbox 461 1073 725 1126; x_wconf 88' lang='lat' dir='ltr'><strong>compulsus</strong></span> <span class='ocrx_word' id='word_1_74' title='bbox 770 1077 866 1123; x_wconf 89' lang='lat' dir='ltr'><strong>est;</strong></span> <span class='ocrx_word' id='word_1_75' title='bbox 905 1072 1256 1126; x_wconf 85' lang='lat' dir='ltr'><strong>composuitque</strong></span> <span class='ocrx_word' id='word_1_76' title='bbox 1287 1086 1392 1116; x_wconf 91' lang='lat' dir='ltr'><strong>cum</strong></span> <span class='ocrx_word' id='word_1_77' title='bbox 1428 1086 1483 1115; x_wconf 92' lang='lat' dir='ltr'><strong>eo</strong></span> 
     </span>
     <span class='ocr_line' id='line_1_13' title="bbox 214 1138 1486 1193; baseline 0.002 -15"><span class='ocrx_word' id='word_1_78' title='bbox 214 1150 382 1190; x_wconf 84' lang='lat' dir='ltr'><strong>magna</strong></span> <span class='ocrx_word' id='word_1_79' title='bbox 424 1138 649 1192; x_wconf 59' lang='lat' dir='ltr'><strong>pecunia)</strong></span> <span class='ocrx_word' id='word_1_80' title='bbox 683 1144 730 1181; x_wconf 91' lang='lat' dir='ltr'><strong>et</strong></span> <span class='ocrx_word' id='word_1_81' title='bbox 774 1138 927 1180; x_wconf 88' lang='lat' dir='ltr'><strong>foedus</strong></span> <span class='ocrx_word' id='word_1_82' title='bbox 969 1139 1148 1193; x_wconf 85' lang='lat' dir='ltr'><strong>pepigit</strong></span> <span class='ocrx_word' id='word_1_83' title='bbox 1183 1139 1306 1192; x_wconf 93' lang='lat' dir='ltr'><strong>quod</strong></span> <span class='ocrx_word' id='word_1_84' title='bbox 1342 1140 1486 1181; x_wconf 89' lang='lat' dir='ltr'><strong>semel</strong></span> 
     </span>
     <span class='ocr_line' id='line_1_14' title="bbox 216 1204 1487 1259; baseline 0.002 -15"><span class='ocrx_word' id='word_1_85' title='bbox 216 1204 414 1257; x_wconf 83' lang='lat' dir='ltr'><strong>singulis</strong></span> <span class='ocrx_word' id='word_1_86' title='bbox 456 1205 588 1246; x_wconf 88' lang='lat' dir='ltr'><strong>annis</strong></span> <span class='ocrx_word' id='word_1_87' title='bbox 631 1206 690 1247; x_wconf 91' lang='lat' dir='ltr'><strong>ad</strong></span> <span class='ocrx_word' id='word_1_88' title='bbox 736 1206 1089 1259; x_wconf 83' lang='lat' dir='ltr'><strong>parliamentum</strong></span> <span class='ocrx_word' id='word_1_89' title='bbox 1130 1218 1264 1246; x_wconf 90' lang='lat' dir='ltr'><strong>suum</strong></span> <span class='ocrx_word' id='word_1_90' title='bbox 1308 1207 1487 1247; x_wconf 85' lang='lat' dir='ltr'><strong>veniret</strong></span> 
     </span>
     <span class='ocr_line' id='line_1_15' title="bbox 215 1270 1486 1326; baseline 0.002 -15"><span class='ocrx_word' id='word_1_91' title='bbox 215 1270 466 1312; x_wconf 89' lang='lat' dir='ltr'><strong>Londoniis</strong></span> <span class='ocrx_word' id='word_1_92' title='bbox 482 1270 514 1323; x_wconf 68' lang='grc'><strong>;2</strong></span> <span class='ocrx_word' id='word_1_93' title='bbox 543 1276 590 1313; x_wconf 89' lang='lat' dir='ltr'><strong>et</strong></span> <span class='ocrx_word' id='word_1_94' title='bbox 610 1273 692 1322; x_wconf 91' lang='lat' dir='ltr'><strong>sic,</strong></span> <span class='ocrx_word' id='word_1_95' title='bbox 711 1278 904 1326; x_wconf 86' lang='lat' dir='ltr'><strong>accepta</strong></span> <span class='ocrx_word' id='word_1_96' title='bbox 929 1285 1074 1313; x_wconf 83' lang='lat' dir='ltr'><strong>uxore</strong></span> <span class='ocrx_word' id='word_1_97' title='bbox 1093 1284 1192 1322; x_wconf 88' lang='lat' dir='ltr'><strong>sua,</strong></span> <span class='ocrx_word' id='word_1_98' title='bbox 1215 1272 1403 1314; x_wconf 85' lang='lat' dir='ltr'><strong>recessit</strong></span> <span class='ocrx_word' id='word_1_99' title='bbox 1428 1274 1486 1314; x_wconf 88' lang='lat' dir='ltr'><strong>ab</strong></span> 
     </span>
     <span class='ocr_line' id='line_1_16' title="bbox 216 1338 1488 1392; baseline 0.002 -15"><span class='ocrx_word' id='word_1_100' title='bbox 216 1350 271 1377; x_wconf 93' lang='lat' dir='ltr'><strong>eo</strong></span> <span class='ocrx_word' id='word_1_101' title='bbox 295 1350 378 1378; x_wconf 88' lang='lat' dir='ltr'><strong>rex</strong></span> <span class='ocrx_word' id='word_1_102' title='bbox 397 1351 408 1389; x_wconf 92' lang='lat'><strong>;</strong></span> <span class='ocrx_word' id='word_1_103' title='bbox 442 1350 546 1391; x_wconf 89' lang='lat' dir='ltr'><strong>quae</strong></span> <span class='ocrx_word' id='word_1_104' title='bbox 568 1338 751 1391; x_wconf 90' lang='lat' dir='ltr'><strong>quidem</strong></span> <span class='ocrx_word' id='word_1_105' title='bbox 774 1351 895 1380; x_wconf 80' lang='lat' dir='ltr'><strong>uxor</strong></span> <span class='ocrx_word' id='word_1_106' title='bbox 914 1339 961 1379; x_wconf 92' lang='lat' dir='ltr'><strong>in</strong></span> <span class='ocrx_word' id='word_1_107' title='bbox 985 1351 1107 1380; x_wconf 89' lang='lat' dir='ltr'><strong>anno</strong></span> <span class='ocrx_word' id='word_1_108' title='bbox 1134 1339 1344 1392; x_wconf 86' lang='lat' dir='ltr'><strong>sequenti</strong></span> <span class='ocrx_word' id='word_1_109' title='bbox 1366 1352 1488 1380; x_wconf 91' lang='lat' dir='ltr'><strong>mor-</strong></span> 
     </span>
     <span class='ocr_line' id='line_1_17' title="bbox 219 1404 1488 1457; baseline 0.002 -13"><span class='ocrx_word' id='word_1_110' title='bbox 219 1408 299 1444; x_wconf 84' lang='lat' dir='ltr'><strong>tua</strong></span> <span class='ocrx_word' id='word_1_111' title='bbox 332 1408 429 1445; x_wconf 88' lang='lat' dir='ltr'><strong>est:</strong></span> <span class='ocrx_word' id='word_1_112' title='bbox 469 1404 570 1457; x_wconf 89' lang='lat' dir='ltr'><strong>ipse</strong></span> <span class='ocrx_word' id='word_1_113' title='bbox 605 1418 716 1446; x_wconf 89' lang='lat' dir='ltr'><strong>vero</strong></span> <span class='ocrx_word' id='word_1_114' title='bbox 749 1404 973 1446; x_wconf 89' lang='lat' dir='ltr'><strong>Leulinus</strong></span> <span class='ocrx_word' id='word_1_115' title='bbox 1005 1405 1054 1446; x_wconf 92' lang='lat' dir='ltr'><strong>in</strong></span> <span class='ocrx_word' id='word_1_116' title='bbox 1082 1405 1240 1447; x_wconf 91' lang='lat' dir='ltr'><strong>eodem</strong></span> <span class='ocrx_word' id='word_1_117' title='bbox 1269 1418 1389 1446; x_wconf 91' lang='lat' dir='ltr'><strong>anno</strong></span> <span class='ocrx_word' id='word_1_118' title='bbox 1417 1418 1488 1446; x_wconf 93' lang='lat' dir='ltr'><strong>se-</strong></span> 
     </span>
     <span class='ocr_line' id='line_1_18' title="bbox 216 1469 1487 1522; baseline 0.003 -13"><span class='ocrx_word' id='word_1_119' title='bbox 216 1469 392 1522; x_wconf 88' lang='lat' dir='ltr'><strong>quenti,</strong></span> <span class='ocrx_word' id='word_1_120' title='bbox 417 1469 463 1510; x_wconf 93' lang='lat' dir='ltr'><strong>in</strong></span> <span class='ocrx_word' id='word_1_121' title='bbox 486 1470 605 1511; x_wconf 89' lang='lat' dir='ltr'><strong>festo</strong></span> <span class='ocrx_word' id='word_1_122' title='bbox 631 1470 907 1512; x_wconf 88' lang='lat' dir='ltr'><strong>Nativitatis</strong></span> <span class='ocrx_word' id='word_1_123' title='bbox 927 1471 1198 1521; x_wconf 86' lang='lat' dir='ltr'><strong>Dominicae,</strong></span> <span class='ocrx_word' id='word_1_124' title='bbox 1223 1471 1487 1513; x_wconf 88' lang='lat' dir='ltr'><strong>Londonias</strong></span> 
     </span>
     <span class='ocr_line' id='line_1_19' title="bbox 217 1535 1487 1590; baseline 0.003 -14"><span class='ocrx_word' id='word_1_125' title='bbox 217 1536 358 1585; x_wconf 89' lang='lat' dir='ltr'><strong>venit,</strong></span> <span class='ocrx_word' id='word_1_126' title='bbox 391 1535 654 1590; x_wconf 85' lang='lat' dir='ltr'><strong>homagium</strong></span> <span class='ocrx_word' id='word_1_127' title='bbox 682 1537 804 1587; x_wconf 90' lang='lat' dir='ltr'><strong>fecit,</strong></span> <span class='ocrx_word' id='word_1_128' title='bbox 829 1542 875 1578; x_wconf 89' lang='lat' dir='ltr'><strong>et</strong></span> <span class='ocrx_word' id='word_1_129' title='bbox 908 1549 1120 1579; x_wconf 90' lang='lat' dir='ltr'><strong>reversus</strong></span> <span class='ocrx_word' id='word_1_130' title='bbox 1151 1543 1237 1579; x_wconf 89' lang='lat' dir='ltr'><strong>est.</strong></span> <span class='ocrx_word' id='word_1_131' title='bbox 1309 1537 1487 1580; x_wconf 87' lang='lat' dir='ltr'><strong>Iterato</strong></span> 
     </span>
     <span class='ocr_line' id='line_1_20' title="bbox 213 1601 1486 1657; baseline 0.002 -15"><span class='ocrx_word' id='word_1_132' title='bbox 213 1601 334 1643; x_wconf 89' lang='lat' dir='ltr'><strong>infra</strong></span> <span class='ocrx_word' id='word_1_133' title='bbox 354 1602 542 1644; x_wconf 88' lang='lat' dir='ltr'><strong>tertium</strong></span> <span class='ocrx_word' id='word_1_134' title='bbox 565 1616 736 1644; x_wconf 92' lang='lat' dir='ltr'><strong>annum</strong></span> <span class='ocrx_word' id='word_1_135' title='bbox 757 1603 816 1644; x_wconf 88' lang='lat' dir='ltr'><strong>ad</strong></span> <span class='ocrx_word' id='word_1_136' title='bbox 838 1604 1193 1657; x_wconf 87' lang='lat' dir='ltr'><strong>parliamentum</strong></span> <span class='ocrx_word' id='word_1_137' title='bbox 1214 1608 1411 1645; x_wconf 86' lang='lat' dir='ltr'><strong>vocatus</strong></span> <span class='ocrx_word' id='word_1_138' title='bbox 1432 1609 1486 1646; x_wconf 87' lang='lat' dir='ltr'><strong>ut</strong></span> 
     </span>
     <span class='ocr_line' id='line_1_21' title="bbox 215 1668 1482 1723; baseline 0.003 -15"><span class='ocrx_word' id='word_1_139' title='bbox 215 1668 408 1719; x_wconf 90' lang='lat' dir='ltr'><strong>veniret,</strong></span> <span class='ocrx_word' id='word_1_140' title='bbox 446 1670 602 1711; x_wconf 88' lang='lat' dir='ltr'><strong>venire</strong></span> <span class='ocrx_word' id='word_1_141' title='bbox 648 1671 927 1723; x_wconf 90' lang='lat' dir='ltr'><strong>contempsit</strong></span> <span class='ocrx_word' id='word_1_142' title='bbox 966 1676 1013 1711; x_wconf 88' lang='lat' dir='ltr'><strong>et</strong></span> <span class='ocrx_word' id='word_1_143' title='bbox 1056 1682 1270 1723; x_wconf 86' lang='lat' dir='ltr'><strong>guerram</strong></span> <span class='ocrx_word' id='word_1_144' title='bbox 1311 1670 1482 1712; x_wconf 91' lang='lat' dir='ltr'><strong>movit:</strong></span> 
     </span>
     <span class='ocr_line' id='line_1_22' title="bbox 214 1735 1484 1788; baseline 0.002 -13"><span class='ocrx_word' id='word_1_145' title='bbox 214 1735 338 1788; x_wconf 93' lang='lat' dir='ltr'><strong>quod</strong></span> <span class='ocrx_word' id='word_1_146' title='bbox 369 1735 560 1778; x_wconf 88' lang='lat' dir='ltr'><strong>audiens</strong></span> <span class='ocrx_word' id='word_1_147' title='bbox 590 1750 674 1778; x_wconf 85' lang='lat' dir='ltr'><strong>rex</strong></span> <span class='ocrx_word' id='word_1_148' title='bbox 695 1737 885 1778; x_wconf 88' lang='lat' dir='ltr'><strong>divertit</strong></span> <span class='ocrx_word' id='word_1_149' title='bbox 913 1737 1082 1778; x_wconf 89' lang='lat' dir='ltr'><strong>ibidem</strong></span> <span class='ocrx_word' id='word_1_150' title='bbox 1107 1742 1154 1778; x_wconf 87' lang='lat' dir='ltr'><strong>et</strong></span> <span class='ocrx_word' id='word_1_151' title='bbox 1184 1737 1354 1778; x_wconf 83' lang='lat' dir='ltr'><strong>iterato</strong></span> <span class='ocrx_word' id='word_1_152' title='bbox 1381 1749 1484 1778; x_wconf 90' lang='lat' dir='ltr'><strong>eum</strong></span> 
     </span>
     <span class='ocr_line' id='line_1_23' title="bbox 214 1802 1485 1858; baseline 0.002 -16"><span class='ocrx_word' id='word_1_153' title='bbox 214 1802 491 1844; x_wconf 88' lang='lat' dir='ltr'><strong>constrinxit</strong></span> <span class='ocrx_word' id='word_1_154' title='bbox 527 1807 580 1844; x_wconf 89' lang='lat' dir='ltr'><strong>ut</strong></span> <span class='ocrx_word' id='word_1_155' title='bbox 611 1808 933 1858; x_wconf 81' lang='lat' dir='ltr'><strong>componeret;</strong></span> <span class='ocrx_word' id='word_1_156' title='bbox 972 1803 1174 1858; x_wconf 88' lang='lat' dir='ltr'><strong>dataque</strong></span> <span class='ocrx_word' id='word_1_157' title='bbox 1202 1803 1396 1857; x_wconf 89' lang='lat' dir='ltr'><strong>pecunia</strong></span> <span class='ocrx_word' id='word_1_158' title='bbox 1416 1803 1485 1844; x_wconf 90' lang='lat' dir='ltr'><strong>di-</strong></span> 
     </span>
     <span class='ocr_line' id='line_1_24' title="bbox 216 1868 1484 1919; baseline 0.003 -11"><span class='ocrx_word' id='word_1_159' title='bbox 216 1868 341 1910; x_wconf 92' lang='lat' dir='ltr'><strong>misit</strong></span> <span class='ocrx_word' id='word_1_160' title='bbox 365 1882 485 1919; x_wconf 91' lang='lat' dir='ltr'><strong>eum,</strong></span> <span class='ocrx_word' id='word_1_161' title='bbox 509 1874 556 1911; x_wconf 93' lang='lat' dir='ltr'><strong>et</strong></span> <span class='ocrx_word' id='word_1_162' title='bbox 579 1870 708 1911; x_wconf 90' lang='lat' dir='ltr'><strong>abiit.</strong></span> <span class='ocrx_word' id='word_1_163' title='bbox 779 1868 917 1912; x_wconf 91' lang='lat' dir='ltr'><strong>Anno</strong></span> <span class='ocrx_word' id='word_1_164' title='bbox 940 1870 1128 1912; x_wconf 91' lang='lat' dir='ltr'><strong>Domini</strong></span> <span class='ocrx_word' id='word_1_165' title='bbox 1158 1880 1484 1912; x_wconf 81' lang='lat' dir='ltr'>M.CCLXXv111.</span> 
     </span>
     <span class='ocr_line' id='line_1_25' title="bbox 215 1934 1486 1991; baseline 0.002 -16"><span class='ocrx_word' id='word_1_166' title='bbox 215 1934 261 1975; x_wconf 92' lang='lat' dir='ltr'><strong>in</strong></span> <span class='ocrx_word' id='word_1_167' title='bbox 286 1935 515 1989; x_wconf 90' lang='lat' dir='ltr'><strong>quindena</strong></span> <span class='ocrx_word' id='word_1_168' title='bbox 535 1935 693 1978; x_wconf 87' lang='lat' dir='ltr'><strong>Sancti</strong></span> <span class='ocrx_word' id='word_1_169' title='bbox 714 1936 745 1979; x_wconf 84' lang='lat' dir='ltr'><strong>J</strong></span> <span class='ocrx_word' id='word_1_170' title='bbox 750 1936 945 1978; x_wconf 89' lang='lat' dir='ltr'><strong>ohannis</strong></span> <span class='ocrx_word' id='word_1_171' title='bbox 968 1937 1198 1991; x_wconf 84' lang='lat' dir='ltr'><strong>Baptistae</strong></span> <span class='ocrx_word' id='word_1_172' title='bbox 1228 1937 1378 1978; x_wconf 86' lang='lat' dir='ltr'><strong>tenuit</strong></span> <span class='ocrx_word' id='word_1_173' title='bbox 1402 1949 1486 1978; x_wconf 85' lang='lat' dir='ltr'><strong>rex</strong></span> 
     </span>
     <span class='ocr_line' id='line_1_26' title="bbox 215 2001 1486 2057; baseline 0.001 -15"><span class='ocrx_word' id='word_1_174' title='bbox 215 2001 570 2054; x_wconf 84' lang='lat' dir='ltr'><strong>parliamentum</strong></span> <span class='ocrx_word' id='word_1_175' title='bbox 597 2015 732 2044; x_wconf 91' lang='lat' dir='ltr'><strong>suum</strong></span> <span class='ocrx_word' id='word_1_176' title='bbox 759 2003 882 2057; x_wconf 89' lang='lat' dir='ltr'><strong>apud</strong></span> <span class='ocrx_word' id='word_1_177' title='bbox 907 2002 1264 2052; x_wconf 85' lang='lat' dir='ltr'><strong>Gloucestriam,</strong></span> <span class='ocrx_word' id='word_1_178' title='bbox 1285 2002 1486 2057; x_wconf 88' lang='lat' dir='ltr'><strong>fecitque</strong></span> 
     </span>
     <span class='ocr_line' id='line_1_27' title="bbox 214 2068 1485 2122; baseline 0.001 -14"><span class='ocrx_word' id='word_1_179' title='bbox 214 2071 395 2110; x_wconf 87' lang='lat' dir='ltr'><strong>statuta</strong></span> <span class='ocrx_word' id='word_1_180' title='bbox 418 2082 522 2122; x_wconf 88' lang='lat' dir='ltr'><strong>quae</strong></span> <span class='ocrx_word' id='word_1_181' title='bbox 550 2069 766 2111; x_wconf 91' lang='lat' dir='ltr'><strong>dicuntur</strong></span> <span class='ocrx_word' id='word_1_182' title='bbox 790 2069 981 2112; x_wconf 88' lang='lat' dir='ltr'><strong>Statuta</strong></span> <span class='ocrx_word' id='word_1_183' title='bbox 1004 2068 1349 2118; x_wconf 84' lang='lat' dir='ltr'><strong>Gloucestriae‚³</strong></span> <span class='ocrx_word' id='word_1_184' title='bbox 1376 2081 1485 2110; x_wconf 90' lang='lat' dir='ltr'><strong>con-</strong></span> 
     </span>
     <span class='ocr_line' id='line_1_28' title="bbox 216 2133 1487 2189; baseline 0 -14"><span class='ocrx_word' id='word_1_185' title='bbox 216 2133 411 2177; x_wconf 87' lang='lat' dir='ltr'><strong>tinentia</strong></span> <span class='ocrx_word' id='word_1_186' title='bbox 435 2146 516 2177; x_wconf 85' lang='lat' dir='ltr'><strong>xv.</strong></span> <span class='ocrx_word' id='word_1_187' title='bbox 538 2136 769 2189; x_wconf 80' lang='lat' dir='ltr'><strong>capitula3</strong></span> <span class='ocrx_word' id='word_1_188' title='bbox 803 2141 851 2177; x_wconf 90' lang='lat' dir='ltr'><strong>et</strong></span> <span class='ocrx_word' id='word_1_189' title='bbox 881 2136 928 2176; x_wconf 93' lang='lat' dir='ltr'><strong>in</strong></span> <span class='ocrx_word' id='word_1_190' title='bbox 959 2148 1114 2176; x_wconf 91' lang='lat' dir='ltr'><strong>mense</strong></span> <span class='ocrx_word' id='word_1_191' title='bbox 1145 2134 1350 2188; x_wconf 87' lang='lat' dir='ltr'><strong>Augusti</strong></span> <span class='ocrx_word' id='word_1_192' title='bbox 1379 2134 1487 2176; x_wconf 87' lang='lat' dir='ltr'><strong>fecit</strong></span> 
     </span>
     <span class='ocr_line' id='line_1_29' title="bbox 215 2200 1487 2252; baseline 0.002 -12"><span class='ocrx_word' id='word_1_193' title='bbox 215 2200 383 2241; x_wconf 92' lang='lat' dir='ltr'><strong>ibidem</strong></span> <span class='ocrx_word' id='word_1_194' title='bbox 404 2215 488 2242; x_wconf 85' lang='lat' dir='ltr'><strong>rex</strong></span> <span class='ocrx_word' id='word_1_195' title='bbox 506 2206 734 2243; x_wconf 87' lang='lat' dir='ltr'><strong>statutum</strong></span> <span class='ocrx_word' id='word_1_196' title='bbox 750 2201 856 2252; x_wconf 85' lang='lat' dir='ltr'><strong>Quo</strong></span> <span class='ocrx_word' id='word_1_197' title='bbox 866 2201 1116 2243; x_wconf 87' lang='lat' dir='ltr'><strong>Warranto</strong></span> <span class='ocrx_word' id='word_1_198' title='bbox 1133 2218 1145 2250; x_wconf 76' lang='grc' dir='ltr'><strong>ς</strong></span> <span class='ocrx_word' id='word_1_199' title='bbox 1173 2206 1219 2242; x_wconf 91' lang='lat' dir='ltr'><strong>et</strong></span> <span class='ocrx_word' id='word_1_200' title='bbox 1235 2205 1487 2242; x_wconf 88' lang='lat' dir='ltr'><strong>tractatum</strong></span> 
     </span>
     <span class='ocr_line' id='line_1_30' title="bbox 217 2266 1488 2321; baseline 0.002 -14"><span class='ocrx_word' id='word_1_201' title='bbox 217 2271 290 2307; x_wconf 90' lang='lat' dir='ltr'><strong>est</strong></span> <span class='ocrx_word' id='word_1_202' title='bbox 319 2266 375 2308; x_wconf 91' lang='lat' dir='ltr'><strong>de</strong></span> <span class='ocrx_word' id='word_1_203' title='bbox 396 2272 583 2309; x_wconf 88' lang='lat' dir='ltr'><strong>moneta</strong></span> <span class='ocrx_word' id='word_1_204' title='bbox 609 2273 798 2309; x_wconf 89' lang='lat' dir='ltr'><strong>retonsa</strong></span> <span class='ocrx_word' id='word_1_205' title='bbox 825 2281 906 2321; x_wconf 90' lang='lat' dir='ltr'><strong>per</strong></span> <span class='ocrx_word' id='word_1_206' title='bbox 935 2267 965 2309; x_wconf 89' lang='lat' dir='ltr'><strong>J</strong></span> <span class='ocrx_word' id='word_1_207' title='bbox 971 2267 1143 2317; x_wconf 77' lang='lat' dir='ltr'><strong>udaeOS,</strong></span> <span class='ocrx_word' id='word_1_208' title='bbox 1164 2273 1210 2309; x_wconf 89' lang='lat' dir='ltr'><strong>et</strong></span> <span class='ocrx_word' id='word_1_209' title='bbox 1233 2267 1358 2321; x_wconf 88' lang='lat' dir='ltr'><strong>capti</strong></span> <span class='ocrx_word' id='word_1_210' title='bbox 1378 2272 1488 2310; x_wconf 87' lang='lat' dir='ltr'><strong>sunt</strong></span> 
     </span>
    </p>
   </div>
   <div class='ocr_carea' id='block_1_3' title="bbox 213 2397 1490 2859">
    <p class='ocr_par' dir='ltr' id='par_1_3' title="bbox 213 2397 1490 2768">
     <span class='ocr_line' id='line_1_31' title="bbox 263 2397 1490 2442; baseline 0.002 -11"><span class='ocrx_word' id='word_1_211' title='bbox 263 2397 273 2416; x_wconf 89' lang='lat'><strong>¹</strong></span> <span class='ocrx_word' id='word_1_212' title='bbox 298 2400 373 2431; x_wconf 88' lang='lat' dir='ltr'><strong>Viz.</strong></span> <span class='ocrx_word' id='word_1_213' title='bbox 403 2399 476 2440; x_wconf 80' lang='lat' dir='ltr'><strong>fifty</strong></span> <span class='ocrx_word' id='word_1_214' title='bbox 507 2399 674 2431; x_wconf 85' lang='lat' dir='ltr'><strong>thousand</strong></span> <span class='ocrx_word' id='word_1_215' title='bbox 703 2400 836 2440; x_wconf 82' lang='lat' dir='ltr'><strong>pounds</strong></span> <span class='ocrx_word' id='word_1_216' title='bbox 916 2399 931 2418; x_wconf 82' lang='lat'>³</span> <span class='ocrx_word' id='word_1_217' title='bbox 950 2401 1034 2432; x_wconf 85' lang='lat' dir='ltr'><strong>This</strong></span> <span class='ocrx_word' id='word_1_218' title='bbox 1066 2404 1190 2434; x_wconf 73' lang='lat' dir='ltr'><strong>statute</strong></span> <span class='ocrx_word' id='word_1_219' title='bbox 1221 2411 1295 2433; x_wconf 82' lang='lat' dir='ltr'><strong>was</strong></span> <span class='ocrx_word' id='word_1_220' title='bbox 1325 2402 1424 2442; x_wconf 87' lang='lat' dir='ltr'><strong>given</strong></span> <span class='ocrx_word' id='word_1_221' title='bbox 1454 2405 1490 2433; x_wconf 85' lang='lat' dir='ltr'><strong>at</strong></span> 
     </span>
     <span class='ocr_line' id='line_1_32' title="bbox 215 2446 1488 2488; baseline 0.001 -10"><span class='ocrx_word' id='word_1_222' title='bbox 215 2447 366 2487; x_wconf 84' lang='lat' dir='ltr'><strong>sterling.</strong></span> <span class='ocrx_word' id='word_1_223' title='bbox 416 2447 479 2478; x_wconf 90' lang='lat' dir='ltr'><strong>See</strong></span> <span class='ocrx_word' id='word_1_224' title='bbox 498 2446 554 2478; x_wconf 86' lang='lat' dir='ltr'><strong>the</strong></span> <span class='ocrx_word' id='word_1_225' title='bbox 571 2447 786 2478; x_wconf 86' lang='lat' dir='ltr'><strong>Ratification</strong></span> <span class='ocrx_word' id='word_1_226' title='bbox 802 2446 840 2478; x_wconf 88' lang='lat' dir='ltr'><strong>of</strong></span> <span class='ocrx_word' id='word_1_227' title='bbox 870 2446 1072 2479; x_wconf 84' lang='lat' dir='ltr'><strong>Gloucester</strong></span> <span class='ocrx_word' id='word_1_228' title='bbox 1082 2457 1125 2479; x_wconf 90' lang='lat' dir='ltr'><strong>on</strong></span> <span class='ocrx_word' id='word_1_229' title='bbox 1141 2447 1196 2479; x_wconf 88' lang='lat' dir='ltr'><strong>the</strong></span> <span class='ocrx_word' id='word_1_230' title='bbox 1212 2448 1278 2479; x_wconf 88' lang='lat' dir='ltr'><strong>2nd</strong></span> <span class='ocrx_word' id='word_1_231' title='bbox 1290 2448 1328 2479; x_wconf 86' lang='lat' dir='ltr'><strong>of</strong></span> <span class='ocrx_word' id='word_1_232' title='bbox 1338 2448 1488 2488; x_wconf 86' lang='lat' dir='ltr'><strong>August.</strong></span> 
     </span>
     <span class='ocr_line' id='line_1_33' title="bbox 213 2493 1489 2533; baseline 0.002 -9"><span class='ocrx_word' id='word_1_233' title='bbox 213 2493 270 2525; x_wconf 89' lang='lat' dir='ltr'><strong>the</strong></span> <span class='ocrx_word' id='word_1_234' title='bbox 297 2493 443 2525; x_wconf 85' lang='lat' dir='ltr'><strong>Articles</strong></span> <span class='ocrx_word' id='word_1_235' title='bbox 470 2493 509 2524; x_wconf 86' lang='lat' dir='ltr'><strong>of</strong></span> <span class='ocrx_word' id='word_1_236' title='bbox 531 2493 643 2525; x_wconf 86' lang='lat' dir='ltr'><strong>Peace</strong></span> <span class='ocrx_word' id='word_1_237' title='bbox 670 2494 716 2533; x_wconf 91' lang='lat' dir='ltr'><strong>by</strong></span> <span class='ocrx_word' id='word_1_238' title='bbox 743 2494 836 2533; x_wconf 85' lang='lat' dir='ltr'><strong>King</strong></span> <span class='ocrx_word' id='word_1_239' title='bbox 869 2494 1002 2525; x_wconf 88' lang='lat' dir='ltr'><strong>“Done</strong></span> <span class='ocrx_word' id='word_1_240' title='bbox 1023 2503 1045 2525; x_wconf 83' lang='lat' dir='ltr'><strong>a</strong></span> <span class='ocrx_word' id='word_1_241' title='bbox 1061 2493 1262 2526; x_wconf 80' lang='lat' dir='ltr'><strong>Gloucester</strong></span> <span class='ocrx_word' id='word_1_242' title='bbox 1280 2493 1313 2525; x_wconf 92' lang='lat' dir='ltr'><strong>le</strong></span> <span class='ocrx_word' id='word_1_243' title='bbox 1335 2494 1489 2526; x_wconf 87' lang='lat' dir='ltr'><strong>demeine</strong></span> 
     </span>
     <span class='ocr_line' id='line_1_34' title="bbox 216 2539 1490 2581; baseline 0.002 -11"><span class='ocrx_word' id='word_1_244' title='bbox 216 2540 378 2578; x_wconf 85' lang='lat' dir='ltr'><strong>Edward,</strong></span> <span class='ocrx_word' id='word_1_245' title='bbox 414 2539 515 2571; x_wconf 83' lang='lat' dir='ltr'><strong>dated</strong></span> <span class='ocrx_word' id='word_1_246' title='bbox 554 2540 747 2572; x_wconf 87' lang='lat' dir='ltr'><strong>November</strong></span> <span class='ocrx_word' id='word_1_247' title='bbox 782 2543 836 2581; x_wconf 85' lang='lat'><strong>10,</strong></span> <span class='ocrx_word' id='word_1_248' title='bbox 870 2541 1048 2580; x_wconf 78' lang='lat' dir='ltr'><strong>procheine</strong></span> <span class='ocrx_word' id='word_1_249' title='bbox 1087 2550 1186 2580; x_wconf 84' lang='lat' dir='ltr'><strong>apres</strong></span> <span class='ocrx_word' id='word_1_250' title='bbox 1222 2540 1257 2572; x_wconf 84' lang='lat' dir='ltr'><strong>la</strong></span> <span class='ocrx_word' id='word_1_251' title='bbox 1293 2540 1377 2572; x_wconf 82' lang='lat' dir='ltr'><strong>feste</strong></span> <span class='ocrx_word' id='word_1_252' title='bbox 1416 2541 1490 2572; x_wconf 82' lang='lat' dir='ltr'><strong>sein</strong></span> 
     </span>
     <span class='ocr_line' id='line_1_35' title="bbox 215 2586 1490 2628; baseline 0.001 -11"><span class='ocrx_word' id='word_1_253' title='bbox 215 2588 313 2626; x_wconf 83' lang='grc'><strong>1277,</strong></span> <span class='ocrx_word' id='word_1_254' title='bbox 329 2586 419 2627; x_wconf 87' lang='lat' dir='ltr'><strong>who,</strong></span> <span class='ocrx_word' id='word_1_255' title='bbox 441 2586 609 2626; x_wconf 88' lang='lat' dir='ltr'><strong>however,</strong></span> <span class='ocrx_word' id='word_1_256' title='bbox 631 2597 675 2618; x_wconf 90' lang='lat' dir='ltr'><strong>on</strong></span> <span class='ocrx_word' id='word_1_257' title='bbox 697 2586 752 2618; x_wconf 88' lang='lat' dir='ltr'><strong>the</strong></span> <span class='ocrx_word' id='word_1_258' title='bbox 775 2587 836 2618; x_wconf 83' lang='lat' dir='ltr'><strong>fol·</strong></span> <span class='ocrx_word' id='word_1_259' title='bbox 871 2587 959 2619; x_wconf 89' lang='lat' dir='ltr'><strong>Pere</strong></span> <span class='ocrx_word' id='word_1_260' title='bbox 986 2597 1008 2619; x_wconf 86' lang='lat' dir='ltr'><strong>a</strong></span> <span class='ocrx_word' id='word_1_261' title='bbox 1028 2587 1062 2618; x_wconf 90' lang='lat' dir='ltr'><strong>la</strong></span> <span class='ocrx_word' id='word_1_262' title='bbox 1084 2587 1183 2628; x_wconf 86' lang='lat' dir='ltr'><strong>goule</strong></span> <span class='ocrx_word' id='word_1_263' title='bbox 1200 2587 1242 2618; x_wconf 91' lang='lat' dir='ltr'><strong>de</strong></span> <span class='ocrx_word' id='word_1_264' title='bbox 1264 2586 1390 2619; x_wconf 86' lang='lat' dir='ltr'><strong>Aust.&#39;’</strong></span> <span class='ocrx_word' id='word_1_265' title='bbox 1415 2587 1490 2618; x_wconf 77' lang='lat' dir='ltr'><strong>Sta-</strong></span> 
     </span>
     <span class='ocr_line' id='line_1_36' title="bbox 214 2633 1489 2674; baseline 0.002 -11"><span class='ocrx_word' id='word_1_266' title='bbox 214 2633 341 2673; x_wconf 87' lang='lat' dir='ltr'><strong>lowing</strong></span> <span class='ocrx_word' id='word_1_267' title='bbox 363 2633 431 2673; x_wconf 83' lang='lat' dir='ltr'><strong>day</strong></span> <span class='ocrx_word' id='word_1_268' title='bbox 454 2633 585 2673; x_wconf 86' lang='lat' dir='ltr'><strong>quitted</strong></span> <span class='ocrx_word' id='word_1_269' title='bbox 607 2633 661 2664; x_wconf 86' lang='lat' dir='ltr'><strong>his</strong></span> <span class='ocrx_word' id='word_1_270' title='bbox 687 2633 787 2665; x_wconf 81' lang='lat' dir='ltr'><strong>claim</strong></span> <span class='ocrx_word' id='word_1_271' title='bbox 802 2636 836 2665; x_wconf 92' lang='lat' dir='ltr'><strong>to</strong></span> <span class='ocrx_word' id='word_1_272' title='bbox 870 2636 960 2665; x_wconf 84' lang='lat' dir='ltr'><strong>tutes</strong></span> <span class='ocrx_word' id='word_1_273' title='bbox 990 2634 1028 2665; x_wconf 86' lang='lat' dir='ltr'><strong>of</strong></span> <span class='ocrx_word' id='word_1_274' title='bbox 1053 2634 1110 2665; x_wconf 90' lang='lat' dir='ltr'><strong>the</strong></span> <span class='ocrx_word' id='word_1_275' title='bbox 1149 2633 1280 2674; x_wconf 85' lang='lat' dir='ltr'><strong>Realm,</strong></span> <span class='ocrx_word' id='word_1_276' title='bbox 1312 2634 1336 2666; x_wconf 87' lang='lat' dir='ltr'><strong>i.</strong></span> <span class='ocrx_word' id='word_1_277' title='bbox 1366 2635 1489 2665; x_wconf 77' lang='lat'><strong>45-50.</strong></span> 
     </span>
     <span class='ocr_line' id='line_1_37' title="bbox 214 2679 1487 2721; baseline 0.001 -11"><span class='ocrx_word' id='word_1_278' title='bbox 214 2679 270 2710; x_wconf 90' lang='lat' dir='ltr'><strong>the</strong></span> <span class='ocrx_word' id='word_1_279' title='bbox 286 2682 445 2719; x_wconf 87' lang='lat' dir='ltr'><strong>payment</strong></span> <span class='ocrx_word' id='word_1_280' title='bbox 461 2679 498 2710; x_wconf 84' lang='lat' dir='ltr'><strong>of</strong></span> <span class='ocrx_word' id='word_1_281' title='bbox 510 2680 565 2711; x_wconf 90' lang='lat' dir='ltr'><strong>the</strong></span> <span class='ocrx_word' id='word_1_282' title='bbox 581 2680 672 2712; x_wconf 90' lang='lat' dir='ltr'><strong>debt.</strong></span> <span class='ocrx_word' id='word_1_283' title='bbox 699 2680 836 2721; x_wconf 86' lang='lat' dir='ltr'><strong>Rymer,</strong></span> <span class='ocrx_word' id='word_1_284' title='bbox 869 2680 940 2711; x_wconf 90' lang='lat' dir='ltr'><strong>The</strong></span> <span class='ocrx_word' id='word_1_285' title='bbox 971 2680 1028 2711; x_wconf 88' lang='lat' dir='ltr'><strong>old</strong></span> <span class='ocrx_word' id='word_1_286' title='bbox 1059 2680 1192 2720; x_wconf 82' lang='lat' dir='ltr'><strong>printed</strong></span> <span class='ocrx_word' id='word_1_287' title='bbox 1222 2680 1338 2721; x_wconf 84' lang='lat' dir='ltr'><strong>copies</strong></span> <span class='ocrx_word' id='word_1_288' title='bbox 1367 2680 1406 2711; x_wconf 84' lang='lat' dir='ltr'><strong>of</strong></span> <span class='ocrx_word' id='word_1_289' title='bbox 1431 2680 1487 2712; x_wconf 88' lang='lat' dir='ltr'><strong>the</strong></span> 
     </span>
     <span class='ocr_line' id='line_1_38' title="bbox 219 2726 1488 2768; baseline 0.002 -12"><span class='ocrx_word' id='word_1_290' title='bbox 219 2726 376 2764; x_wconf 85' lang='lat' dir='ltr'><strong>Foedera,</strong></span> <span class='ocrx_word' id='word_1_291' title='bbox 391 2727 415 2758; x_wconf 92' lang='lat' dir='ltr'><strong>i.</strong></span> <span class='ocrx_word' id='word_1_292' title='bbox 433 2728 509 2766; x_wconf 85' lang='grc'><strong>546,</strong></span> <span class='ocrx_word' id='word_1_293' title='bbox 525 2729 600 2758; x_wconf 80' lang='grc'><strong>547.</strong></span> <span class='ocrx_word' id='word_1_294' title='bbox 870 2727 1020 2758; x_wconf 90' lang='lat' dir='ltr'><strong>Statutes</strong></span> <span class='ocrx_word' id='word_1_295' title='bbox 1039 2727 1120 2758; x_wconf 89' lang='lat' dir='ltr'><strong>read</strong></span> <span class='ocrx_word' id='word_1_296' title='bbox 1135 2727 1202 2758; x_wconf 89' lang='lat' dir='ltr'><strong>“le</strong></span> <span class='ocrx_word' id='word_1_297' title='bbox 1224 2730 1325 2768; x_wconf 78' lang='lat' dir='ltr'><strong>quart</strong></span> <span class='ocrx_word' id='word_1_298' title='bbox 1341 2727 1422 2767; x_wconf 88' lang='lat' dir='ltr'><strong>jour</strong></span> <span class='ocrx_word' id='word_1_299' title='bbox 1445 2727 1488 2759; x_wconf 88' lang='lat' dir='ltr'><strong>de</strong></span> 
     </span>
    </p>

    <p class='ocr_par' dir='ltr' id='par_1_4' title="bbox 215 2771 1344 2859">
     <span class='ocr_line' id='line_1_39' title="bbox 261 2771 1344 2812; baseline 0.002 -9"><span class='ocrx_word' id='word_1_300' title='bbox 261 2771 275 2789; x_wconf 79' lang='lat'>²</span> <span class='ocrx_word' id='word_1_301' title='bbox 297 2772 380 2804; x_wconf 81' lang='lat' dir='ltr'><strong>This</strong></span> <span class='ocrx_word' id='word_1_302' title='bbox 404 2774 434 2804; x_wconf 87' lang='lat' dir='ltr'><strong>is</strong></span> <span class='ocrx_word' id='word_1_303' title='bbox 457 2777 513 2803; x_wconf 89' lang='lat' dir='ltr'><strong>not</strong></span> <span class='ocrx_word' id='word_1_304' title='bbox 535 2773 767 2805; x_wconf 83' lang='lat' dir='ltr'><strong>corroborated</strong></span> <span class='ocrx_word' id='word_1_305' title='bbox 791 2773 835 2812; x_wconf 90' lang='lat' dir='ltr'><strong>by</strong></span> <span class='ocrx_word' id='word_1_306' title='bbox 870 2772 1056 2806; x_wconf 86' lang='lat' dir='ltr'><strong>October.’&#39;</strong></span> <span class='ocrx_word' id='word_1_307' title='bbox 1341 2791 1344 2800; x_wconf 85' lang='lat'><em>·</em></span> 
     </span>
     <span class='ocr_line' id='line_1_40' title="bbox 215 2819 668 2859; baseline 0.002 -9"><span class='ocrx_word' id='word_1_308' title='bbox 215 2829 280 2858; x_wconf 84' lang='lat' dir='ltr'><strong>any</strong></span> <span class='ocrx_word' id='word_1_309' title='bbox 297 2819 412 2851; x_wconf 80' lang='lat' dir='ltr'><strong>article</strong></span> <span class='ocrx_word' id='word_1_310' title='bbox 429 2819 466 2850; x_wconf 79' lang='lat' dir='ltr'><strong>of</strong></span> <span class='ocrx_word' id='word_1_311' title='bbox 477 2819 532 2851; x_wconf 85' lang='lat' dir='ltr'><strong>the</strong></span> <span class='ocrx_word' id='word_1_312' title='bbox 549 2823 668 2859; x_wconf 80' lang='lat' dir='ltr'><strong>treaty.</strong></span> 
     </span>
    </p>
   </div>
   <div class='ocr_carea' id='block_1_4' title="bbox 1515 421 1689 481">
    <p class='ocr_par' dir='ltr' id='par_1_5' title="bbox 1515 421 1689 481">
     <span class='ocr_line' id='line_1_41' title="bbox 1516 421 1682 448; baseline -0.018 0"><span class='ocrx_word' id='word_1_313' title='bbox 1516 422 1636 448; x_wconf 78' lang='lat' dir='ltr'><strong>Edward</strong></span> <span class='ocrx_word' id='word_1_314' title='bbox 1661 421 1682 445; x_wconf 86' lang='lat'><strong>1.</strong></span> 
     </span>
     <span class='ocr_line' id='line_1_42' title="bbox 1515 454 1689 481; baseline -0.011 0"><span class='ocrx_word' id='word_1_315' title='bbox 1515 456 1551 481; x_wconf 76' lang='lat' dir='ltr'><strong>A.</strong></span> <span class='ocrx_word' id='word_1_316' title='bbox 1563 456 1598 480; x_wconf 89' lang='lat' dir='ltr'><strong>D.</strong></span> <span class='ocrx_word' id='word_1_317' title='bbox 1615 454 1689 479; x_wconf 79' lang='lat'>1277.</span> 
     </span>
    </p>
   </div>
   <div class='ocr_carea' id='block_1_5' title="bbox 1495 492 1695 496">
    <p class='ocr_par' dir='ltr' id='par_1_6' title="bbox 1495 492 1695 496">
     <span class='ocr_line' id='line_1_43' title="bbox 1495 492 1695 496; baseline 0 0"><span class='ocrx_word' id='word_1_318' title='bbox 1495 492 1695 496; x_wconf 95' lang='lat' dir='ltr'><strong> </strong></span> 
     </span>
    </p>
   </div>
   <div class='ocr_carea' id='block_1_6' title="bbox 1498 755 1673 815">
    <p class='ocr_par' dir='ltr' id='par_1_7' title="bbox 1498 755 1673 815">
     <span class='ocr_line' id='line_1_44' title="bbox 1499 755 1673 781; baseline -0.006 0"><span class='ocrx_word' id='word_1_319' title='bbox 1499 756 1561 781; x_wconf 86' lang='lat' dir='ltr'><strong>The</strong></span> <span class='ocrx_word' id='word_1_320' title='bbox 1574 755 1673 780; x_wconf 78' lang='lat' dir='ltr'><strong>Welsh</strong></span> 
     </span>
     <span class='ocr_line' id='line_1_45' title="bbox 1498 790 1584 815; baseline -0.012 0"><span class='ocrx_word' id='word_1_321' title='bbox 1498 790 1584 815; x_wconf 84' lang='lat' dir='ltr'><strong>rebel.</strong></span> 
     </span>
    </p>
   </div>
   <div class='ocr_carea' id='block_1_7' title="bbox 1506 1885 1678 1984">
    <p class='ocr_par' dir='ltr' id='par_1_8' title="bbox 1506 1885 1678 1984">
     <span class='ocr_line' id='line_1_46' title="bbox 1508 1885 1678 1911; baseline 0 -1"><span class='ocrx_word' id='word_1_322' title='bbox 1508 1885 1541 1911; x_wconf 79' lang='lat' dir='ltr'><strong>A.</strong></span> <span class='ocrx_word' id='word_1_323' title='bbox 1553 1885 1587 1910; x_wconf 90' lang='lat' dir='ltr'><strong>D.</strong></span> <span class='ocrx_word' id='word_1_324' title='bbox 1604 1885 1678 1911; x_wconf 87' lang='grc'><strong>1278.</strong></span> 
     </span>
     <span class='ocr_line' id='line_1_47' title="bbox 1507 1919 1619 1950; baseline -0.009 -6"><span class='ocrx_word' id='word_1_325' title='bbox 1507 1919 1619 1950; x_wconf 73' lang='lat' dir='ltr'><strong>Friday,</strong></span> 
     </span>
     <span class='ocr_line' id='line_1_48' title="bbox 1506 1952 1613 1984; baseline -0.019 -6"><span class='ocrx_word' id='word_1_326' title='bbox 1506 1952 1574 1984; x_wconf 83' lang='lat' dir='ltr'><strong>July</strong></span> <span class='ocrx_word' id='word_1_327' title='bbox 1587 1953 1613 1977; x_wconf 87' lang='lat'><strong>8.</strong></span> 
     </span>
    </p>
   </div>
   <div class='ocr_carea' id='block_1_8' title="bbox 1507 2087 1708 2246">
    <p class='ocr_par' dir='ltr' id='par_1_9' title="bbox 1507 2087 1708 2183">
     <span class='ocr_line' id='line_1_49' title="bbox 1508 2087 1708 2112; baseline 0 0"><span class='ocrx_word' id='word_1_328' title='bbox 1508 2087 1568 2112; x_wconf 84' lang='lat' dir='ltr'><strong>The</strong></span> <span class='ocrx_word' id='word_1_329' title='bbox 1581 2087 1708 2112; x_wconf 69' lang='lat' dir='ltr'><strong>Statutes</strong></span> 
     </span>
     <span class='ocr_line' id='line_1_50' title="bbox 1507 2121 1635 2146; baseline 0 -1"><span class='ocrx_word' id='word_1_330' title='bbox 1507 2121 1539 2145; x_wconf 83' lang='lat' dir='ltr'><strong>of</strong></span> <span class='ocrx_word' id='word_1_331' title='bbox 1548 2121 1635 2146; x_wconf 88' lang='lat' dir='ltr'><strong>Glou-</strong></span> 
     </span>
     <span class='ocr_line' id='line_1_51' title="bbox 1508 2157 1608 2183; baseline -0.01 -4"><span class='ocrx_word' id='word_1_332' title='bbox 1508 2157 1608 2183; x_wconf 81' lang='lat' dir='ltr'><strong>cester,</strong></span> 
     </span>
    </p>

    <p class='ocr_par' dir='ltr' id='par_1_10' title="bbox 1508 2187 1669 2246">
     <span class='ocr_line' id='line_1_52' title="bbox 1508 2187 1641 2214; baseline -0.008 -2"><span class='ocrx_word' id='word_1_333' title='bbox 1508 2187 1564 2212; x_wconf 84' lang='lat' dir='ltr'><strong>and</strong></span> <span class='ocrx_word' id='word_1_334' title='bbox 1577 2187 1641 2214; x_wconf 82' lang='lat' dir='ltr'><strong>Quo</strong></span> 
     </span>
     <span class='ocr_line' id='line_1_53' title="bbox 1508 2221 1669 2246; baseline -0.006 0"><span class='ocrx_word' id='word_1_335' title='bbox 1508 2221 1669 2246; x_wconf 85' lang='lat' dir='ltr'><strong>Warranto.</strong></span> 
     </span>
    </p>
   </div>
  </div>
 </body>
</html>
