2038 3306
560 297 646 339 166
1082 307 1358 338 cunomcou

362 422 482 448 namu
500 423 524 449 1.
560 417 636 454 tur
649 411 660 428 '
672 410 684 432 ¹
702 410 922 465 praedicta
936 410 1171 463 sponsalia
1191 415 1238 452 et
1257 410 1593 452 matrimonium
1609 423 1815 452 consum-

362 456 397 481 A.
405 456 440 482 D.
456 457 532 482 1298.

346 511 448 537 Awnrd
460 512 492 537 ot

345 544 420 576 Pope

347 576 490 604 Bonisana.

560 482 723 527 metm,
732 476 1044 518 ecclesiastico
1052 475 1289 530 subjaceat
1296 476 1554 527 interdicto,
1565 477 1668 526 nisi,
1678 490 1818 530 super

562 544 645 585 hoc
675 542 939 596 requisitus,
973 542 1194 595 praedicta
1231 555 1333 583 cum
1365 542 1527 584 effectu
1565 544 1816 584 correxerit

561 609 679 650 infra
697 620 914 649 mensem.
968 608 1088 649 Item
1113 606 1320 657 dicimus,
1346 608 1602 659 laudamus,
1624 610 1817 650 arbitra-

561 688 677 726 mur,
701 687 783 715 seu
806 673 945 716 etiam
966 672 1208 715 diffinimus
1229 673 1352 727 quod
1375 673 1430 715 de
1451 675 1659 715 omnibus
1682 675 1814 715 bonis

562 740 804 782 mobilibus
844 740 919 781 vel
958 752 1008 781 se
1053 739 1358 791 moventibus,
1394 739 1561 780 ablatis
1592 739 1664 781 vel
1701 739 1817 781 alias

563 806 682 848 male
723 806 987 856 subtractis,
1023 810 1069 847 et
1108 805 1165 846 de
1213 805 1423 846 omnibus
1471 804 1648 846 damnis
1696 805 1818 847 datis

563 872 667 914 hinc
705 872 809 914 inde
847 877 955 914 ante
992 876 1173 925 tempus
1210 876 1347 912 motae
1382 870 1456 913 vel
1491 876 1606 913 ortae
1639 883 1817 924 guerrae

564 939 818 992 praesentis,
861 938 1007 992 primo
1056 937 1113 978 de
1162 937 1371 979 omnibus
1420 950 1524 991 quae
1564 942 1728 979 extant
1771 943 1818 979 et

565 1009 840 1058 consumpta
876 1017 968 1045 non
1001 1008 1124 1056 sunt,
1159 1004 1412 1057 praesertim
1447 1003 1504 1044 de
1539 1004 1732 1045 navibus
1772 1008 1818 1044 et

567 1070 669 1111 aliis
707 1070 1055 1124 quibuscunque
1091 1069 1222 1111 bonis
1258 1082 1338 1122 per
1368 1068 1590 1122 Anglicos
1622 1075 1669 1111 et
1695 1068 1816 1110 Vas-

566 1148 704 1177 cones
741 1140 786 1178 et
814 1149 971 1178 eorum
1000 1135 1243 1188 complices
1275 1138 1288 1157 ‘
1305 1139 1413 1176 ante
1440 1148 1651 1187 guerram
1684 1147 1818 1176 occu-

566 1201 686 1254 patis
704 1200 739 1223 ’²
762 1201 811 1242 in
829 1201 943 1242 mari
965 1205 977 1223 ‘
995 1200 1067 1243 vel
1081 1199 1118 1222 ’³
1138 1200 1186 1241 in
1209 1205 1346 1252 terra,
1369 1200 1491 1254 quod
1522 1213 1604 1242 rex
1634 1200 1817 1253 Anglioe

566 1266 719 1308 omnia
752 1279 856 1320 quae
886 1266 943 1307 de
976 1265 1208 1320 praedictis
1239 1270 1415 1315 extant,
1445 1267 1565 1308 bona
1594 1266 1698 1317 fide,
1719 1266 1817 1307 sine

565 1331 663 1382 lite,
696 1336 743 1373 et
781 1333 956 1386 absque
990 1333 1139 1385 figura
1166 1331 1344 1385 judicii,
1375 1332 1498 1373 omni
1530 1331 1691 1374 fraude
1725 1344 1819 1373 ces-

564 1403 711 1448 sante,
733 1397 791 1439 ad
822 1397 1164 1452 requisitionem
1190 1397 1311 1451 regis
1341 1398 1549 1440 Franciae
1568 1399 1643 1441 vel
1665 1397 1818 1439 nuncii

564 1463 636 1504 sui
674 1465 831 1506 statim
862 1464 1005 1506 faciat
1039 1464 1097 1505 ad
1132 1463 1318 1517 plenum
1354 1465 1550 1507 restitui.
1635 1465 1696 1506 Et
1733 1477 1816 1505 rex

567 1529 774 1571 Franciae
814 1530 1036 1581 similiter,
1073 1530 1112 1570 si
1145 1542 1237 1583 qua
1267 1534 1281 1552 ‘
1299 1526 1463 1571 talia'²
1504 1536 1610 1572 ante
1647 1531 1816 1572 dictam

565 1608 775 1648 guerram
820 1601 957 1649 capta
996 1596 1069 1637 vel
1113 1596 1269 1636 ablata
1307 1596 1429 1648 apud
1471 1596 1618 1649 ipsum
1659 1591 1815 1638 ‘vel’2

564 1660 612 1701 in
655 1673 742 1702 sua
780 1666 1009 1714 potestate
1056 1660 1370 1702 ‘exstantia'4
1407 1667 1589 1715 reperta
1631 1663 1815 1713 fuerint,

563 1726 772 1768 similiter
789 1726 847 1768 ad
868 1727 1051 1781 plenum
1073 1727 1249 1769 restitui
1270 1726 1424 1779 saciat,
1445 1740 1473 1769 a
1493 1729 1687 1781 praefato
1708 1741 1817 1781 rege

562 1790 748 1845 Angliae
780 1793 853 1834 vel
890 1793 990 1847 ejus
1020 1793 1187 1834 nuncio
1214 1793 1478 1847 requisitus.
1547 1794 1620 1835 De
1649 1794 1817 1836 ablatis

562 1871 671 1899 vero
715 1871 806 1899 non
851 1860 1153 1908 exstantibus,
1196 1859 1275 1900 sed
1324 1859 1578 1912 deperditis
1612 1865 1659 1901 et
1709 1872 1815 1902 con-

561 1925 771 1977 sumptis,
801 1924 1059 1974 laudamus,
1089 1924 1380 1975 arbitramur,
1415 1938 1495 1966 seu
1531 1926 1667 1967 etiam
1702 1925 1815 1967 diffi-

561 1989 711 2030 nimus
743 1990 866 2043 quod
894 2003 975 2031 rex
1009 1989 1208 2043 Angliae,
1239 1991 1296 2032 ad
1326 1991 1663 2044 requisitionem
1693 1993 1816 2045 regis

563 2054 771 2097 Franciae
798 2056 873 2097 vel
907 2056 1007 2111 ejus
1043 2056 1214 2107 nuncii,
1246 2057 1458 2098 satisfieri
1490 2056 1643 2110 faciat,
1677 2063 1725 2099 et
1756 2058 1815 2099 ad

560 2120 645 2162 hoc
675 2121 932 2164 faciendum
963 2122 1102 2164 etiam
1134 2127 1345 2164 teneatur
1373 2123 1473 2164 sine
1493 2123 1574 2165 lite
1594 2137 1648 2165 ac
1667 2123 1817 2177 figura

554 2186 731 2240 judicii,
761 2188 881 2229 bona
909 2188 1014 2238 fide,
1046 2193 1092 2230 et
1119 2189 1241 2230 omni
1272 2189 1431 2231 fraude
1466 2194 1685 2231 cessante.
1755 2190 1816 2231 Et

558 2266 642 2294 rex
679 2253 888 2295 Franciae
925 2254 1148 2304 similiter,
1185 2255 1224 2296 si
1260 2268 1353 2309 qua
1391 2268 1473 2309 per
1510 2261 1670 2308 gentes
1707 2268 1816 2297 suas

558 2318 729 2369 ablata,
752 2319 1006 2375 deperdita,
1027 2333 1109 2361 seu
1130 2325 1403 2375 consumpta
1422 2322 1610 2363 inventa
1631 2322 1815 2372 fuerint,

557 2385 614 2426 ad
646 2386 990 2439 requisitionem
1020 2386 1143 2439 regis
1173 2385 1357 2440 Angliae
1381 2388 1455 2429 vel
1483 2388 1637 2429 nuncii
1664 2381 1816 2428 ‘sui'⁵

556 2453 568 2471 ‘
587 2450 726 2493 faciat
757 2445 1027 2504 satistieri,'6
1047 2453 1284 2494 taxatione
1306 2454 1436 2495 nobis
1462 2453 1586 2494 circa
1619 2452 1811 2507 praedic-

558 2521 704 2559 torum
752 2518 1102 2560 aestimationem
1141 2523 1301 2560 contra
1331 2524 1575 2573 utramque
1619 2523 1814 2572 partem,

602 2654 612 2674 ¹
637 2657 874 2698 ‘contrahant‚'
911 2658 1011 2691 MSS.
1042 2658 1168 2690 Lansd.
1247 2655 1259 2675 ⁴
1282 2657 1503 2697 ‘existentia‚’
1519 2657 1617 2690 MSS.

554 2703 619 2733 and
635 2703 724 2735 Cott.
739 2704 843 2744 Vesp.
1246 2702 1259 2721 ⁵
1281 2704 1291 2721 ‘
1303 2704 1436 2744 ipsius‚’
1451 2704 1550 2736 MSS.

603 2746 616 2765 ²
637 2749 786 2781 Omitted
802 2752 836 2781 in
854 2751 954 2783 MSS.
1246 2747 1260 2768 θ
1281 2750 1459 2782 ‘satisfieri
1492 2750 1595 2782 saciat
1629 2753 1818 2790 competen-

600 2791 612 2809 ⁸
635 2795 645 2811 ‘
656 2795 713 2835 et,’
729 2796 829 2828 MSS.
1199 2796 1272 2836 ter‚’
1289 2796 1390 2829 MSS.
