2038 3306
454 342 671 372 wmxrssm
706 342 767 371 DE
800 342 1173 373 unmmcnuncn.
1362 329 1448 371 147

179 445 417 496 caudatos,
440 452 487 488 et
510 459 606 500 prae
643 447 878 500 paucitate
898 460 978 489 eos
1008 444 1366 495 contemnentes,
1387 457 1443 486 eo
1477 451 1639 510 {5332}ss

179 512 298 564 quod
318 511 554 564 pedestres
576 513 648 553 sui
669 513 806 566 longe
831 513 1016 555 fuerant
1047 514 1105 554 ab
1135 513 1202 554 eis
1223 511 1441 565 separati.
1458 545 1608 572 Mamur

178 575 252 618 Ad
289 577 387 618 haec
411 583 564 619 autem
594 579 896 621 exhortantes
921 593 971 621 se
1001 579 1146 620 nostri
1166 578 1224 620 ad
1248 578 1442 619 invicem
1458 579 1600 623 ⁵⁰9t¹³¹¹d·

176 644 411 696 congressi
444 649 552 686 sunt
587 658 689 686 cum
722 645 807 687 hac
845 645 1136 687 multitudine
1172 656 1356 697 magna,
1396 649 1444 686 et

177 709 307 750 caesis
329 710 616 763 quibusdam,
634 711 836 765 reliquos
855 712 903 752 in
923 711 1081 765 fugam
1101 714 1442 759 converterunt,

176 775 589 830 concluseruntque
611 790 690 818 eos
720 778 768 818 in
800 777 1000 831 quodam
1036 776 1248 826 marisco,
1269 787 1441 829 quous-

175 854 266 894 que
297 843 533 884 venientes
570 842 806 896 pedestres
845 843 1112 884 occiderunt
1149 854 1209 883 ex
1251 842 1317 883 eis
1351 846 1440 884 tre-

174 913 332 949 centos
367 913 414 949 et
448 913 553 950 octo
583 908 723 958 viros,
746 913 793 949 et
823 908 1048 960 quosdam
1070 907 1304 949 duxerunt
1333 920 1438 961 cap-

174 973 312 1022 tivos,
355 973 613 1027 iterumque
655 978 935 1015 revertentes
973 973 1032 1015 ad
1073 973 1277 1027 praedam
1313 986 1438 1014 com-

173 1038 420 1081 busserunt
463 1039 708 1092 plusquam
741 1039 900 1081 decem
937 1039 1072 1081 villas
1107 1038 1276 1080 ibidem
1319 1039 1439 1080 infra

172 1103 340 1146 limites
361 1105 682 1158 parochiarum
701 1110 981 1155 nostrarum,
994 1109 1041 1147 et
1060 1104 1246 1147 tandem
1268 1105 1438 1146 reversi
1453 1110 1595 1170 fflss’ssffy’

172 1173 185 1191 ‘
202 1171 332 1213 sunt’
351 1169 364 1192 ¹
387 1170 636 1213 Carliolum
658 1172 707 1213 in
727 1171 888 1224 vigilia
912 1171 1100 1213 Natalis
1121 1170 1309 1212 Domini
1332 1184 1436 1212 cum
1514 1162 1520 1168 ’
1571 1162 1577 1169 ’

173 1236 287 1290 ipsis
325 1237 521 1290 captivis
556 1243 603 1280 et
639 1237 797 1291 praeda
826 1250 1012 1290 magna.
1082 1237 1260 1279 Iterato
1296 1237 1435 1278 etiam

171 1303 294 1344 circa
323 1303 595 1357 principium
634 1303 1016 1356 Quadragesimae
1040 1304 1322 1345 transierunt
1354 1303 1440 1344 ibi-

173 1369 292 1419 dem,
308 1374 354 1410 et
375 1368 550 1411 Villam
564 1368 791 1412 Anandiae
806 1369 1098 1423 expoliantes
1118 1369 1269 1422 ignem
1293 1381 1437 1423 appo-

173 1439 393 1486 suerunt;
445 1436 524 1488 qui
578 1448 798 1477 accensus
846 1436 991 1478 crevit
1046 1435 1094 1476 in
1149 1435 1438 1486 immensum,

171 1506 219 1542 et
255 1501 506 1543 combussit
541 1502 733 1543 eandem
768 1502 1008 1543 ecclesiam
1040 1506 1261 1551 nostram,
1292 1506 1340 1542 et
1372 1501 1438 1542 sic·

171 1566 320 1620 captis
375 1567 535 1620 spoliis
587 1572 634 1609 et
685 1567 958 1621 quibusdam
1010 1567 1208 1620 captivis
1266 1568 1437 1609 reversi

170 1637 291 1681 sunt,
337 1637 383 1674 et
427 1637 601 1675 extunc
640 1634 873 1675 vacabant
914 1633 1087 1675 mutuis
1128 1632 1348 1674 incendiis
1391 1638 1438 1674 et

170 1698 356 1752 rapinis.

226 1847 396 1889 Comites
415 1846 545 1889 nostri
564 1846 822 1889 reconciliati
843 1852 940 1889 sunt
950 1860 1034 1903 per
1055 1846 1222 1888 Filium
1241 1846 1380 1902 Reyis.

237 1960 250 1978 ‘
269 1957 415 1998 Dum’
431 1955 447 1978 2
470 1970 499 1999 a
529 1962 667 2010 gente
698 1958 942 2000 Scotorum
973 1957 1150 2012 perfida
1170 1956 1284 1999 talia
1304 1970 1435 2010 gere-

169 2027 340 2073 rentur,
362 2024 613 2065 consiliarii
633 2025 756 2076 regis
776 2023 947 2066 nostri³
977 2025 1056 2077 qui
1080 2037 1184 2065 cum
1199 2024 1292 2064 filio
1314 2023 1436 2075 regis

169 2095 317 2139 erant,
350 2103 566 2143 magnum
591 2090 798 2132 videntes
834 2090 1089 2144 periculum
1129 2102 1222 2131 non
1256 2094 1436 2130 tantum

170 2155 269 2207 regi
321 2155 368 2196 in
415 2156 604 2197 remotis
647 2156 805 2208 agenti
861 2156 942 2197 sed
986 2155 1126 2197 etiam
1165 2154 1252 2196 toti
1301 2159 1438 2195 terrae

170 2219 442 2273 Anglicanae
491 2222 741 2271 imminere,
793 2221 1061 2263 institerunt
1110 2220 1234 2274 apud
1292 2219 1437 2261 filium

170 2286 308 2339 regis,
361 2288 440 2340 qui
494 2292 685 2341 propter
725 2287 962 2328 seditionis
1015 2286 1269 2341 periculum
1313 2285 1437 2327 Lon-

171 2352 321 2394 doniis
356 2354 625 2395 morabatur
655 2353 775 2394 infra
810 2366 967 2395 muros
1002 2353 1222 2402 civitatis,
1263 2357 1317 2394 ut
1360 2365 1436 2394 co-

171 2419 303 2460 mites
345 2419 590 2472 praedictos
633 2419 956 2460 marescallum
999 2418 1176 2461 scilicet
1209 2422 1256 2459 et
1291 2418 1437 2459 Here-

170 2484 447 2535 fordensem,
483 2485 578 2539 qui,
613 2490 666 2527 ut
703 2485 874 2527 dictum
916 2490 1002 2535 est,
1037 2498 1067 2526 a
1106 2489 1237 2538 patre
1269 2497 1354 2525 suo
1392 2484 1438 2525 in

215 2640 225 2660 ¹
250 2641 402 2674 Omitted
418 2642 453 2673 in
469 2641 569 2674 MSS.
586 2640 673 2680 Coll.
689 2641 785 2674 Arm.
869 2641 882 2661 ³
903 2641 1014 2673 These
1029 2649 1118 2672 were
1136 2639 1285 2671 Richard
1308 2639 1437 2681 Bishop

169 2689 236 2721 and
252 2688 342 2721 Gott.
357 2688 434 2720 Tib.
822 2688 860 2719 of
880 2687 1031 2726 London‚
1046 2687 1197 2718 william
1219 2685 1438 2727 Beauchamp

823 2734 903 2765 Earl
929 2734 967 2765 of
985 2733 1171 2772 Warwick,
1198 2732 1365 2773 Reginam
1394 2733 1438 2764 de

217 2778 230 2797 ⁹
252 2780 384 2820 ‘Cum,'
418 2780 521 2812 MSS.
555 2779 643 2812 Coll.
677 2779 786 2821 Arm„
821 2780 929 2820 Gray,
955 2779 1046 2812 John
1073 2778 1219 2818 Giffard,
1249 2778 1317 2810 and
1347 2778 1437 2810 Alan

171 2826 262 2859 Cott.
276 2827 366 2867 Tib„
381 2827 448 2858 and
464 2826 554 2858 Cott.
571 2827 676 2866 Vesp.
823 2826 1001 2858 Plokenet.
1019 2825 1263 2865 Walsingham,
1278 2827 1332 2856 ⁷3.

1204 2889 1263 2917 L‘2
