2038 3306
485 329 710 361 WAL'rssRI
745 329 807 359 DE
838 329 1214 361 HEMINGBURGH.
1396 318 1484 360 235

365 499 455 540 Rex
477 511 627 541 novam
646 497 792 554 Leyem
803 497 912 554 fecit
933 496 981 540 de
1005 495 1331 553 stafiacum?
1521 513 1641 538 Edward
1655 515 1681 540 1.

1517 547 1552 572 A.
1562 547 1597 572 D.
1613 549 1686 572 1³04.

285 630 461 672 Eodem
511 642 632 671 anno
676 629 889 671 dominus
928 642 1012 671 rex
1057 629 1228 684 inquiri
1271 628 1382 670 fecit
1426 628 1482 669 de
1500 645 1617 684 wnpor

217 695 589 738 malefactoribus
626 708 707 749 per
737 696 891 745 breve,
924 695 972 736 in
1007 695 1155 738 forma
1191 707 1296 748 quae
1331 694 1482 748 sequi·
1499 678 1671 704 'mmm'

218 768 293 804 tur
304 776 314 805 :
325 761 341 784 ²
366 766 395 785 “
406 762 514 804 Rex
526 761 706 803 dilectis
718 765 765 803 et
776 761 986 802 fidelibus
1000 760 1114 811 suis,
1128 759 1330 802 Radulfo
1346 760 1484 802 Filio-

218 828 440 870 Willelmi
460 833 506 870 et
529 827 560 869 J
565 827 735 868 ohanni
756 827 812 868 de
833 827 1037 867 Bartone
1058 826 1115 867 de
1147 826 1336 876 Ritone,
1359 826 1485 867 salu-

219 899 324 936 tem.
411 893 537 944 Quia
571 892 868 946 quamplures
909 891 1231 933 malefactores
1272 896 1318 933 et
1352 892 1481 944 pacis

218 965 387 1001 nostrae
423 958 784 1012 perturbatores,
807 957 1068 1007 homicidia,
1101 957 1482 1010 depraedationes,

217 1024 427 1066 incendia
487 1028 534 1065 et
587 1023 680 1064 alia
729 1023 898 1064 damna
957 1022 1294 1076 quamplurima
1349 1028 1484 1064 nocte

217 1091 382 1144 dieque
405 1095 741 1144 perpetrantes,
765 1094 995 1142 vagantur
1010 1089 1055 1130 in
1073 1088 1240 1138 boscis,
1261 1088 1413 1142 parcis
1437 1094 1484 1130 et

218 1157 322 1198 aliis
359 1156 474 1197 locis
512 1156 721 1205 diversis,
764 1160 859 1196 tam
902 1154 1022 1196 infra
1062 1155 1300 1196 libertates
1344 1155 1482 1208 quam

219 1227 367 1272 extra,
390 1221 438 1263 in
464 1221 685 1263 comitatu
719 1221 937 1272 Eborum‚
969 1227 1015 1262 et
1042 1220 1211 1262 ibidem
1244 1225 1482 1275 receptan-

219 1293 310 1338 tur‚
351 1289 398 1328 in
431 1288 684 1329 maximum
720 1286 969 1340 periculum
1008 1292 1102 1328 tam
1136 1286 1370 1327 hominum
1402 1300 1485 1340 per

220 1359 376 1408 partes
412 1353 517 1395 illas
549 1353 887 1395 transeuntium
920 1365 1058 1406 quam
1085 1352 1252 1393 ibidem
1285 1364 1483 1394 commo-

219 1421 435 1469 rantium,
466 1420 512 1460 in
538 1419 683 1460 nostri
713 1423 1027 1472 contemptum
1064 1430 1119 1459 ac
1151 1418 1279 1471 pacis
1310 1424 1481 1460 nostrae

220 1486 448 1527 laesionem
469 1484 774 1535 manifestam,
796 1489 847 1525 ut
866 1484 1154 1538 accepimus3
1186 1496 1267 1537 per
1287 1497 1482 1537 quorum

218 1553 448 1593 incursum
503 1555 720 1604 poterunt
762 1550 923 1604 pejora
976 1550 1204 1603 prioribus
1252 1549 1309 1590 de
1358 1550 1482 1591 facili

219 1618 417 1666 evenire,
439 1617 526 1657 nisi
556 1615 805 1657 remedium
835 1628 974 1669 super
1004 1615 1090 1656 hoc
1110 1615 1245 1656 citius
1273 1628 1481 1669 appona-

219 1688 307 1724 tur.
362 1682 408 1724 N
412 1694 480 1732 os,
503 1695 661 1723 eorum
685 1681 871 1723 malitiae
894 1681 942 1722 in
965 1681 1050 1722 hac
1071 1685 1202 1734 parte
1226 1681 1413 1723 obviare
1436 1688 1483 1723 et

220 1748 480 1803 hujusmodi
520 1748 700 1789 damnis
747 1752 794 1788 et
834 1747 1049 1801 periculis
1091 1759 1354 1800 praecavere
1399 1761 1481 1789 vo-

218 1815 380 1865 lentes,
410 1814 747 1867 assignavimus
774 1826 855 1855 vos
883 1813 940 1855 ad
963 1813 1284 1867 inquirendum
1306 1826 1386 1867 per
1406 1826 1480 1855 sa-

218 1885 501 1922 cramentum
521 1886 616 1922 tam
639 1879 835 1921 militum
856 1892 994 1933 quam
1022 1879 1214 1921 aliorum
1237 1880 1483 1933 proborum

218 1953 264 1989 et
295 1947 513 2000 legalium
543 1946 776 1987 hominum
814 1946 870 1987 de
901 1949 914 1967 ‘
933 1946 1154 1987 comitatu
1173 1944 1215 1967 ’³
1245 1946 1483 1999 praedicto,

217 2018 312 2055 tam
345 2013 463 2054 infra
496 2012 733 2054 libertates
766 2024 904 2064 quam
936 2017 1085 2062 extra,
1121 2024 1202 2065 per
1232 2024 1348 2064 quos
1382 2011 1485 2065 ipsa

219 2080 391 2121 veritas
421 2079 584 2120 melius
615 2079 721 2119 sciri
752 2078 935 2132 poterit,
957 2077 1035 2131 qui
1065 2078 1157 2118 sint
1177 2077 1244 2118 illi
1267 2077 1482 2119 malefac-

219 2150 356 2195 tores,
381 2150 428 2186 et
449 2157 604 2186 eorum
636 2144 833 2185 scienter
863 2148 1173 2197 receptatores
1206 2147 1251 2184 et
1278 2143 1345 2184 eis
1375 2156 1483 2185 con-

219 2211 485 2252 sentientes.
575 2210 635 2251 Et
675 2210 815 2252 etiam
854 2209 912 2250 ad
949 2208 1267 2262 inquirendum
1303 2209 1359 2251 de
1393 2209 1484 2251 illis

221 2278 299 2330 qui
324 2291 406 2330 pro
437 2276 700 2318 muneribus
724 2276 818 2316 suis
842 2280 1030 2328 pactum
1053 2287 1186 2316 suum
1207 2275 1412 2318 fecerunt
1437 2280 1484 2317 et

222 2343 395 2384 faciunt
419 2355 521 2384 cum
550 2342 920 2383 malefactoribus
948 2345 995 2382 et
1024 2341 1151 2395 pacis
1182 2345 1352 2382 nostrae
1382 2355 1486 2395 per-

220 2409 548 2456 turbatoribus,
580 2413 626 2449 et
672 2421 750 2449 eos
787 2407 1109 2449 conduxerunt
1145 2412 1191 2448 et
1222 2407 1484 2449 conducunt

265 2548 273 2566 ¹
297 2549 368 2581 The
384 2549 515 2580 Statute
542 2549 580 2580 of
590 2547 786 2580 Trailbaton
802 2548 831 2580 is
866 2547 1080 2587 subscriptis,
1102 2547 1272 2587 videlicet,
1291 2547 1483 2580 Willelmus

217 2596 348 2636 printed
366 2596 400 2626 in
415 2595 471 2626 the
487 2593 564 2627 Rot.
583 2595 676 2627 Pasl.
696 2595 719 2627 i.
734 2597 806 2626 178.
867 2594 899 2625 le
922 2594 1109 2634 Vavassur,
1132 2593 1335 2634 Radulphus
1359 2593 1483 2626 Filius-

264 2639 278 2660 2
300 2641 356 2674 On
371 2641 427 2673 the
444 2641 607 2674 Rot.Fin.
626 2643 667 2673 33
684 2641 783 2673 Edw.
800 2641 830 2673 Ι.
868 2640 1042 2681 willelmi,
1066 2640 1241 2673 Gen-ardus
1266 2640 1424 2680 Salveyn,
1449 2643 1484 2672 et

218 2699 260 2720 m.
276 2691 330 2729 20,
345 2688 433 2728 ced„
447 2687 502 2719 the
519 2689 595 2719 writ
618 2691 652 2720 to
671 2688 726 2719 the
743 2697 831 2719 com·
866 2686 1039 2719 Johannes
1054 2686 1096 2718 de
1114 2687 1239 2718 Barton
1250 2687 1292 2718 de
1311 2687 1437 2728 Friton,
1448 2688 1482 2718 in

218 2735 409 2766 missionem
435 2734 473 2765 os
493 2734 677 2766 Yorkshire
700 2735 729 2766 ie
754 2734 831 2765 thus
868 2734 1027 2765 comitatu
1045 2733 1230 2766 Eborum.”

219 2782 367 2813 noticed:
402 2781 423 2798 ‘⁴
437 2781 564 2813 Eodem
595 2781 693 2812 modo
724 2781 831 2821 assig-

218 2831 338 2859 nantur
358 2827 537 2867 subscripti
561 2828 595 2858 in
618 2827 831 2859 comitatibus
915 2824 927 2844 ³
952 2827 960 2842 ‘
974 2826 1188 2867 contemptus
1206 2826 1278 2858 MS.
1296 2825 1419 2858 Lausd.
