2038 3306
466 305 688 336 WALTERI
722 305 783 335 DE
816 305 1189 336 HEMINGBURGH.
1345 294 1430 336 34],

168 413 349 450 vastata
383 415 468 453 est.
539 409 626 451 Die
663 408 883 451 Mercurii
917 414 1022 463 post
1062 409 1230 452 festum
1269 409 1430 451 Sancti
1448 422 1646 480 Εἰνῧτιιηιθῐι.

167 473 409 516 Michaelis
445 475 570 517 venit
612 476 668 517 ad
706 489 860 528 regem
903 476 1082 529 Angliae
1123 475 1327 517 marchio
1373 475 1429 517 de
1446 458 1634 544 wednendag:

167 538 496 595 Brandeburgh
537 541 657 583 filius
697 541 920 584 Ludovici
962 542 1019 583 de
1053 541 1268 583 Bavaria.
1337 541 1428 583 Die
1447 544 1550 570 Oct-⁶·

165 604 322 648 Sancti
354 607 554 649 Dionisii
595 621 677 649 rex
712 606 896 661 Angliae
937 607 1129 662 arripuit
1163 607 1250 649 iter
1291 620 1425 649 suum
1444 588 1593 648 gztgfflay.

165 684 324 713 versus
360 673 714 728 Vermondoys-,1
747 678 794 715 et
843 673 1077 715 dominum
1125 672 1426 715 Laurentium

164 737 220 778 de
245 738 476 793 Hastinge
496 740 604 782 fecit
637 739 848 781 comitem
875 738 1204 790 Pembrochiae,
1230 740 1425 781 nonnul-

163 803 323 857 losque
344 805 459 847 alios
479 806 654 847 nobiles
684 805 840 846 eodem
876 805 948 846 die
979 805 1087 847 fecit
1118 805 1300 847 milites.
1370 805 1427 847 In
1444 818 1590 851 proponis

162 871 361 912 crastino
379 885 488 913 vero
510 872 679 912 domini
704 871 958 912 cardinales
979 870 1038 912 ad
1060 873 1346 913 tractandum
1371 872 1427 913 de
1443 852 1588 884 ‘mmm'

162 947 275 988 pace
319 942 610 978 accesserunt
650 936 708 977 ad
756 949 925 990 regem.
1014 936 1187 978 Eodem
1238 937 1312 979 die
1367 938 1426 979 ad

162 1006 362 1042 castrum
394 1002 450 1044 de
486 1002 768 1056 Hunycourt
803 1002 951 1043 dirum
994 1002 1202 1044 fecerunt
1237 1001 1425 1056 Anglici

161 1066 394 1118 insultum,
431 1069 510 1110 ubi
543 1068 809 1110 interfectus
847 1069 934 1110 fuit
971 1068 1181 1109 dominus
1219 1068 1424 1111 Thomas

164 1132 445 1188 Pounynges
476 1135 622 1185 miles,
651 1148 753 1176 cum
782 1135 1011 1188 aliquibus
1043 1134 1146 1175 aliis
1181 1134 1423 1177 Almannis

163 1203 209 1239 et
250 1198 431 1253 Anglis.
514 1200 570 1242 In
616 1201 774 1254 vigilia
817 1201 973 1242 Sancti
1007 1200 1210 1242 Wilfridi
1253 1201 1423 1242 domini
1441 1215 1557 1241 onan,

160 1265 416 1307 cardinales
459 1279 562 1308 cum
610 1267 704 1308 suis
746 1267 976 1320 responsis
1020 1266 1264 1308 redierunt.
1335 1267 1423 1309 Die
1441 1279 1560 1306 Oet.1³.

160 1330 318 1372 Sancti
345 1331 517 1374 Calixti
532 1333 655 1374 venit
675 1333 732 1374 ad
750 1332 975 1387 quendam
994 1332 1144 1374 locum
1158 1333 1238 1386 qui
1258 1332 1424 1375 dicitur

162 1395 289 1451 Orny
316 1398 473 1439 Sancti
497 1398 749 1448 Benedicti,
774 1398 832 1439 ad
856 1399 971 1439 duas
994 1398 1151 1440 leucas
1175 1399 1231 1440 de
1253 1398 1422 1442 Sancto

163 1461 400 1514 Quintino,
423 1469 469 1505 et
493 1465 599 1507 fecit
619 1478 699 1518 per
723 1465 976 1506 exercitum
998 1465 1274 1518 proclamari
1301 1466 1423 1519 quod

164 1541 320 1570 omnes
359 1530 438 1583 qui
476 1530 533 1571 ad
576 1543 735 1584 pacem
772 1543 903 1571 suam
944 1530 1168 1581 venirent,
1198 1544 1280 1584 per
1317 1544 1422 1573 con-

160 1593 377 1636 ditionem
408 1595 551 1646 illam,
575 1597 717 1638 vitam
749 1601 796 1637 et
818 1597 1036 1646 membra,
1059 1601 1203 1638 terras
1229 1602 1275 1638 et
1295 1601 1422 1638 tene-

159 1666 313 1702 menta
352 1674 437 1702 sua
480 1661 545 1702 eis
590 1662 832 1712 conferret,
876 1667 922 1703 et
961 1662 1042 1716 qui
1086 1675 1178 1703 non
1218 1663 1424 1704 venirent

157 1731 290 1768 extra
327 1727 629 1769 conditionem
661 1728 788 1769 illam
819 1727 959 1782 positi
993 1727 1156 1771 forent.
1219 1727 1310 1769 Per
1342 1729 1422 1770 de-

157 1805 254 1833 cem
298 1794 429 1846 quasi
467 1794 681 1836 milliaria
721 1794 1076 1848 circumquaque
1114 1795 1172 1835 ab
1215 1795 1422 1836 exercitu

158 1858 309 1911 patria
353 1859 440 1900 fuit
477 1861 730 1901 combusta.
802 1859 859 1901 In
891 1860 1050 1913 vigilia
1086 1859 1244 1902 Sancti
1282 1861 1422 1902 Lucae
1441 1876 1565 1908 sunday.

160 1923 471 1977 Evangelistae
523 1926 647 1966 venit
701 1925 759 1966 ad
806 1939 959 1978 regem
1006 1926 1102 1967 dux
1145 1926 1422 1968 'Brabantiae
1441 1910 1503 1968 ‘132⁸AE
1516 1910 1599 1969 i>⁷dke
1612 1944 1644 1969 or

158 1989 426 2031 victualium
492 1991 698 2044 allegans
759 1992 1014 2044 penuriam,
1074 1991 1210 2032 simul
1276 1991 1423 2045 frigus
1441 1976 1580 2049 ‹1¹³5sssser

158 2055 366 2109 hyemale
409 2057 541 2110 quasi
591 2069 795 2110 praesens
836 2057 1034 2110 amplius
1082 2058 1250 2098 morari
1289 2070 1422 2099 suum
1440 2043 1562 2110 ffiffih

158 2134 250 2162 non
273 2135 373 2163 esse
403 2123 690 2164 commodum
722 2123 969 2164 asserebat.
1031 2122 1118 2164 Cui
1148 2136 1247 2173 rex,
1278 2124 1423 2165 tristis

161 2187 294 2229 valde
316 2188 520 2237 effectus,
541 2188 676 2238 dixit,
690 2192 719 2210 ‘⁶
735 2188 1045 2230 Dilectissime
1069 2190 1421 2242 consanguinee,

159 2253 461 2306 procedamus
491 2254 548 2295 ad
579 2254 902 2307 perficiendum
928 2255 1162 2307 negotium
1191 2255 1422 2308 inceptum

159 2319 396 2373 supplico;
444 2320 571 2361 Deus
612 2321 731 2361 enim
764 2320 884 2362 sicut
920 2321 1091 2374 incepit
1121 2320 1188 2362 ita
1223 2326 1269 2362 et
1300 2334 1422 2362 aux-

157 2385 283 2425 ilium
307 2386 543 2427 nobiscum
576 2387 875 2428 continuabit.
940 2385 1133 2440 Copiam
1156 2387 1423 2428 victualium

160 2455 416 2492 nostrorum
439 2465 618 2493 omnem
640 2452 722 2494 tibi
753 2452 935 2506 tuisque
957 2451 1245 2501 conferimus,
1268 2466 1423 2495 carec-

158 2521 229 2558 tas
254 2523 452 2567 nostras,
478 2531 684 2572 onusque
715 2518 889 2572 grande
914 2518 1104 2571 caragii,
1125 2518 1248 2571 quod
1285 2518 1425 2565 habe-

159 2596 275 2633 mus,
301 2583 611 2637 relinquimus,
637 2583 693 2625 de
718 2583 949 2638 peditibus
981 2584 1159 2638 equites
1191 2583 1425 2635 faciemus,

206 2754 215 2772 ¹
239 2754 473 2795 Vermandois,
487 2755 644 2796 formerly
667 2766 688 2787 a
703 2756 773 2787 dis·
807 2755 939 2787 hended
956 2755 989 2786 in
1005 2755 1061 2787 the
1077 2755 1304 2795 departments
1320 2756 1358 2788 os
1369 2756 1425 2788 the

157 2800 276 2831 trictof
286 2801 457 2842 Picardie‚
467 2802 528 2833 but
538 2812 613 2833 now
627 2812 774 2841 compre·
808 2802 912 2833 Aisne
929 2801 996 2833 and
1013 2801 1158 2834 Somme.
