2038 3306
363 439 484 466 Bdward
496 440 520 465 1.

362 474 396 498 A.
407 474 440 499 D.
458 473 532 500 1297.

346 531 440 556 Battle
451 531 483 556 of

345 564 470 597 Stirling.

561 313 647 355 138
1043 320 1319 352 01111οΝ10οΝ

562 428 606 469 in
630 440 792 469 manus
822 426 1080 475 Scotorum,
1105 430 1151 466 et
1177 424 1345 466 multos
1376 425 1423 466 in
1456 436 1617 465 manus
1648 435 1818 477 pauco·

561 507 676 535 rum.
736 492 1038 534 Transierunt
1067 491 1225 544 itaque
1253 490 1483 532 vexillarii
1515 489 1635 543 regis
1667 493 1713 530 et
1743 501 1818 529 co-

562 560 698 609 mitis,
710 564 755 600 et
767 559 886 600 inter
901 558 1071 611 primos
1086 556 1426 598 strenuissimus
1442 556 1518 597 ille
1536 555 1664 596 miles
1677 554 1817 596 domi-

564 638 649 666 nus
677 623 1001 666 Marmeducus
1025 623 1081 665 de
1104 622 1294 675 Tweng.
1365 621 1572 675 Cumque
1596 620 1822 662 vidissent

562 691 715 732 hostes
746 695 816 732 tot
841 689 941 744 jam
965 688 1169 731 evenisse
1190 693 1304 741 quot
1323 699 1540 741 superare
1560 690 1821 740 potuerant,

562 762 613 798 ut
646 757 908 806 credebant,
949 768 1058 797 mox
1100 752 1506 796 ‘descenderunt’¹
1550 752 1607 793 de
1648 755 1820 800 monte,

562 828 608 864 et
656 823 807 864 missis
842 822 951 864 viris
993 821 1237 862 lanceariis
1281 822 1623 873 occupaverunt
1657 816 1820 871 pedem

561 889 731 942 pontis,
766 889 834 929 ita
869 887 990 942 quod
1026 891 1197 928 extunc
1229 886 1343 927 nulli
1376 886 1567 939 patebat
1599 883 1820 926 transitus

562 955 634 996 vel
665 967 912 1008 regressus,
934 953 1013 995 sed
1034 954 1080 994 in
1107 951 1377 994 revertendo
1397 951 1518 992 sicut
1548 955 1594 992 et
1614 952 1661 992 in
1690 949 1818 990 festi-

562 1020 713 1062 nando
750 1033 887 1074 super
919 1025 1102 1073 pontem
1148 1017 1423 1073 praecipitati
1459 1022 1566 1058 sunt
1605 1015 1736 1057 multi
1773 1020 1820 1057 et

561 1087 800 1127 submersi.
900 1085 1295 1127 Descendentibus
1349 1085 1507 1137 itaque
1560 1082 1710 1124 Scotis
1762 1082 1819 1123 de

562 1157 730 1201 monte,
750 1152 868 1192 dixit
888 1151 1098 1192 dominus
1116 1149 1441 1192 Marmeducus
1461 1149 1686 1190 consociis
1707 1148 1819 1197 suis,

561 1221 590 1240 “
610 1218 753 1258 Estne
777 1223 974 1270 tempus,
996 1217 1178 1266 fratres,
1207 1220 1260 1256 ut
1291 1216 1547 1268 equitemus
1581 1214 1638 1255 ad
1671 1214 1818 1255 eos'!”

346 1296 544 1356 ffrssedfissffiiefih
563 1282 743 1333 Quibus
776 1282 1156 1335 respondentibus
1196 1281 1316 1334 quod
1351 1281 1433 1330 sic,
1468 1293 1576 1321 mox
1612 1280 1818 1321 stimula-

346 1363 413 1389 with
426 1366 504 1395 great

344 1397 413 1423 loss.

561 1357 619 1390 tis
659 1349 788 1402 equis
830 1353 990 1389 mutuo
1031 1347 1266 1400 congressi
1307 1351 1430 1396 sunt,
1477 1351 1524 1387 et
1567 1347 1820 1387 corruenti-

561 1416 644 1455 bus
666 1414 939 1468 quibusdam
970 1427 1029 1455 ex
1056 1413 1223 1463 Scotis,
1248 1413 1401 1454 caeteri
1426 1416 1661 1466 equestres
1688 1413 1821 1466 quasi

561 1494 717 1522 omnes
747 1482 793 1521 in
816 1480 972 1533 fugam
996 1481 1117 1522 versi
1141 1484 1261 1521 sunt.
1333 1478 1463 1530 Quos
1487 1492 1588 1519 cum
1610 1477 1819 1532 inseque-

563 1551 720 1588 rentur
740 1547 969 1600 fugientes
990 1546 1055 1587 sic
1076 1546 1194 1587 dixit
1221 1558 1340 1586 unus
1363 1558 1423 1586 ex
1443 1544 1613 1586 nostris
1635 1544 1818 1586 domino

564 1613 878 1661 Marmeduco,
901 1612 1142 1652 “Domine
1179 1612 1257 1660 mi,
1292 1610 1473 1663 decepti
1503 1623 1690 1660 sumus;
1726 1624 1819 1652 11011

561 1679 681 1719 enim
705 1682 960 1731 sequuntur
979 1678 1141 1727 nostri,
1163 1682 1210 1718 et
1232 1676 1403 1719 vexilla
1427 1677 1615 1729 regiset
1638 1677 1817 1718 comitis

560 1757 651 1785 non
670 1743 978 1798 comparent.'’
1021 1742 1096 1785 Ad
1112 1742 1209 1784 haec
1225 1742 1519 1796 respicientes
1540 1746 1678 1791 retro,
1696 1742 1819 1784 vide-

561 1814 668 1851 runt
687 1810 854 1851 multos
871 1822 930 1850 ex
947 1809 1115 1851 nostris
1132 1814 1178 1850 et
1196 1808 1460 1850 vexillarios
1475 1808 1597 1860 regis
1618 1811 1666 1849 et
1683 1809 1818 1850 comi—

563 1877 622 1917 tis
654 1876 896 1925 corruisse,
931 1875 1255 1928 dixeruntque,
1296 1873 1579 1915 “Praeclusa
1614 1878 1685 1915 est
1717 1874 1818 1929 ¹jam

566 1942 695 1982 nobis
719 1941 793 1982 via
808 1941 866 1982 ad
889 1946 1087 1994 pontem,
1106 1946 1151 1982 et
1167 1953 1195 1981 a
1210 1940 1380 1994 populo
1402 1945 1558 1981 nostro
1577 1940 1820 1994 intercepti

565 2020 749 2058 sumus;
781 2007 943 2048 melius
971 2012 1041 2048 est
1069 2019 1179 2059 ergo
1211 2012 1264 2047 ut
1295 2006 1534 2047 credamus
1569 2018 1652 2046 nos
1683 2019 1816 2060 aquae

565 2072 783 2127 periculo,
819 2073 858 2113 si
888 2072 1004 2113 forte
1040 2072 1235 2114 transire
1268 2073 1514 2126 possimus,
1545 2084 1683 2124 quam
1714 2072 1820 2114 hos·

569 2139 680 2180 tium
713 2151 882 2180 cuneos
916 2143 1210 2191 penetrantes
1254 2138 1386 2191 quasi
1418 2151 1502 2191 pro
1542 2137 1684 2179 nihilo
1722 2151 1821 2180 cor-

568 2218 780 2246 ruamus:
823 2203 1016 2245 difficilis
1046 2205 1185 2245 immo
1215 2204 1511 2258 impossibilis
1537 2202 1637 2257 jam
1670 2203 1820 2246 factus

568 2276 637 2312 est
658 2272 788 2312 nobis
816 2271 1039 2312 transitus
1060 2283 1142 2324 per
1167 2270 1363 2311 medium
1389 2269 1676 2312 Scotorum.'’
1748 2269 1820 2311 Ad

569 2336 664 2378 haec
708 2337 785 2378 ille
827 2336 1169 2378 strenuissimus
1215 2336 1567 2377 Marmeducus:
1624 2339 1654 2358 “
1669 2335 1820 2387 Certe,

567 2403 804 2452 carissimi,
834 2415 1067 2456 nunquam
1102 2402 1279 2443 dicetur
1316 2402 1372 2442 de
1407 2414 1478 2442 me
1509 2401 1632 2454 quod
1673 2403 1820 2454 gratis

566 2483 637 2510 me
657 2469 978 2510 submerserim
995 2482 1006 2520 ;
1044 2468 1166 2509 absit
1187 2473 1232 2509 et
1252 2467 1338 2509 hoc
1361 2480 1389 2508 a
1410 2468 1555 2516 vobis,
1571 2467 1650 2508 sed
1668 2468 1820 2521 sequi-

565 2535 673 2575 mini
692 2548 780 2584 me,
800 2539 846 2576 et
868 2547 949 2588 per
969 2534 1166 2575 medium
1183 2546 1339 2574 eorum
1363 2533 1490 2574 vobis
1511 2534 1631 2574 viam
1654 2533 1817 2574 faciam

564 2613 710 2654 usque
731 2601 789 2642 ad
810 2605 994 2654 pontem
1014 2599 1066 2646 ;’'
1097 2599 1424 2652 stimulatoque
1442 2599 1693 2648 dextrario,
1709 2612 1818 2641 mox

564 2666 698 2708 irruit
726 2667 771 2707 in
806 2667 978 2717 hostes,
1004 2671 1050 2707 et
1080 2678 1201 2706 nunc
1234 2665 1317 2706 hos
1348 2678 1468 2706 nunc
1500 2664 1606 2706 illos
1642 2665 1821 2707 caedens

864 2814 874 2835 ¹
899 2817 909 2834 ‘
922 2811 1192 2856 descendebant,'
1209 2815 1284 2847 MS.
1301 2814 1391 2847 Cott.
1406 2815 1511 2855 Vesp.
