1992 3202
523 275 582 316 60
1017 285 1294 316 canonicor«

325 403 444 429 savara
463 404 487 429 ῐ.
516 389 772 444 jussionem
815 388 955 440 regis,
986 393 1346 442 manseruntque
1377 389 1423 429 in
1444 389 1615 430 eisdem
1638 402 1784 442 usque

325 437 359 461 Δ.
370 437 403 462 D.
418 438 492 462 1294.

306 492 435 519 Famine.

302 987 337 1012 A.
349 986 383 1012 D.
400 987 475 1012 1295.

303 1032 460 1063 Treachery
472 1038 488 1056 o

304 1065 349 1090 Sir
360 1065 483 1090 Thomas

303 1099 338 1123 de
350 1098 467 1123 ‘rutber-

303 1131 377 1157 ville.

521 455 578 496 ad
613 468 826 508 guerram
863 454 1030 495 Scotiae
1062 454 1156 495 fere
1195 454 1386 496 finitam.
1457 455 1627 496 Eodem
1662 467 1783 495 anno

518 520 663 562 fames
713 520 865 562 valida
902 518 1123 572 Angliam
1178 519 1340 561 afflixit
1384 525 1432 562 et
1473 521 1785 562 moriebantur

519 599 773 640 pauperum
805 585 952 626 multa
984 585 1145 634 millia,
1169 585 1454 627 vendebatur
1488 587 1609 627 enim
1647 598 1786 639 quar-

517 652 681 694 terium
720 651 938 693 frumenti
974 663 1058 705 pro
1096 661 1198 693 xvi.
1235 650 1394 692 solidis
1435 656 1481 692 et
1519 651 1783 692 multotiens

517 730 601 771 pro
626 729 713 759 xx.

883 855 948 897 De
971 855 1178 898 Seditione
1199 854 1426 897 Turbevile.

490 1030 504 1056 ι
583 986 720 1029 Anno
742 987 930 1028 Domini
953 990 966 1008 ‘
984 987 1228 1028 M.ccxcv.’
1245 985 1258 1008 ¹
1274 986 1485 1028 dominus
1498 985 1700 1027 Thomas
1724 986 1781 1027 de

516 1052 778 1102 Turbevile,
800 1053 895 1107 qui,
917 1058 968 1094 ut
990 1053 1306 1106 supradictum
1331 1058 1418 1101 est,
1442 1053 1489 1093 in
1505 1057 1701 1105 captura
1723 1052 1779 1093 de

518 1119 680 1173 Ryons
704 1132 808 1160 cum
832 1119 1009 1160 caeteris
1036 1119 1256 1160 militibus
1276 1119 1487 1172 captivus
1513 1118 1680 1159 ductus
1710 1123 1781 1159 est

516 1190 563 1226 et
601 1185 772 1225 carceri
804 1185 926 1237 regis
970 1185 1177 1225 Francioe
1209 1185 1514 1237 mancipatus,
1553 1183 1780 1236 cogitavit

515 1250 711 1291 sollicite
754 1250 982 1303 quomodo
1023 1250 1222 1303 effugere
1261 1254 1418 1304 posset
1460 1262 1688 1291 carcerem
1735 1255 1782 1291 et

515 1316 726 1357 vincula:
778 1315 857 1369 qui
887 1328 991 1356 cum
1026 1322 1148 1357 esset
1184 1317 1281 1369 regi
1322 1315 1530 1357 Franciae
1564 1315 1780 1357 familiari

516 1382 681 1423 notitia
715 1380 945 1435 cognitus,
982 1382 1159 1435 pepigit
1185 1395 1288 1423 cum
1314 1395 1368 1423 eo
1397 1381 1550 1422 foedus
1581 1382 1627 1422 in
1662 1381 1780 1422 sedi-

518 1448 687 1489 tionem
709 1448 831 1501 regis
852 1446 1036 1501 Angliae
1058 1448 1229 1498 dicens,
1263 1451 1293 1470 “
1311 1447 1583 1489 Providebis
1615 1447 1714 1496 tibi,
1736 1447 1777 1488 Ο

516 1527 616 1562 rexi,
637 1514 694 1555 de
718 1525 885 1566 magna
912 1513 1075 1563 classe,
1101 1519 1146 1554 et
1164 1526 1307 1567 pones
1328 1514 1375 1555 in
1399 1526 1454 1554 ea
1483 1514 1622 1554 robur
1645 1526 1779 1554 exer-

515 1579 650 1629 citus,
686 1593 773 1632 ego
812 1585 965 1620 autem
1008 1583 1215 1621 revertar
1251 1579 1307 1620 ad
1350 1578 1586 1638 dominum
1626 1592 1777 1620 meum

515 1657 682 1697 regem,
712 1650 759 1686 et
784 1644 933 1686 dicam
955 1644 1012 1694 ei,
1034 1644 1172 1698 quod,
1197 1645 1452 1686 auxiliante
1483 1645 1631 1687 amico
1661 1658 1777 1699 quo-

515 1710 638 1761 dam,
659 1724 762 1752 cum
796 1710 1065 1752 difficultate
1099 1723 1262 1752 manus
1293 1716 1398 1752 tuas
1426 1711 1567 1752 evasi.
1637 1710 1778 1752 Cum-

515 1789 606 1830 que
639 1778 697 1818 ab
721 1789 774 1818 eo
793 1776 1133 1830 impetraverim
1154 1777 1411 1818 custodiam
1442 1777 1582 1818 maris
1604 1781 1650 1818 et
1672 1790 1778 1830 por-

513 1847 645 1883 tuum
682 1843 878 1884 obviabo
922 1842 1178 1883 marinariis
1225 1843 1333 1892 tuis,
1364 1843 1543 1896 eritque
1594 1843 1777 1896 signum

514 1908 702 1950 foederis
736 1909 855 1950 inter
895 1921 967 1949 me
1001 1913 1048 1950 et
1084 1908 1210 1962 ipsos
1247 1913 1300 1950 ut
1337 1921 1440 1949 cum
1479 1909 1671 1950 viderint
1699 1922 1776 1950 ve-

514 1974 679 2015 xillum
712 1987 862 2015 meum
896 1987 1037 2028 supra
1057 1974 1278 2015 vexillum
1308 1975 1428 2027 regis
1458 1974 1630 2016 elevari
1663 1975 1776 2016 aud-

514 2045 642 2081 acter
663 2040 711 2081 in
732 2040 890 2081 eodem
923 2040 1024 2082 loco
1048 2045 1217 2082 terram
1240 2040 1572 2094 ingrediantur,
1596 2045 1643 2082 et
1673 2041 1778 2082 abs-

514 2119 603 2158 que
641 2105 909 2147 difficultate
947 2118 1047 2148 eam
1087 2106 1152 2147 eis
1186 2106 1410 2147 tradam.''
1482 2106 1628 2148 Facta
1665 2119 1777 2160 ergo

514 2171 599 2212 hac
648 2172 952 2213 conventione
1001 2176 1095 2213 tam
1141 2171 1295 2213 valida
1351 2171 1563 2225 promisit
1605 2172 1647 2213 ei
1693 2185 1777 2214 rex

513 2237 767 2279 mercedem
794 2237 1016 2291 iniquam,
1038 2242 1084 2278 et
1107 2238 1310 2290 acceptis
1334 2237 1512 2279 duobus
1543 2237 1650 2279 filiis
1681 2239 1777 2280 suis

514 2304 747 2345 obsidibus
778 2303 950 2344 dimisit
983 2316 1087 2344 eum
1118 2308 1164 2344 et
1200 2303 1340 2345 abiit:
1381 2316 1594 2345 reversus
1622 2309 1776 2346 autem

514 2374 585 2410 est
622 2370 679 2411 ad
715 2382 869 2422 regem
905 2368 1088 2422 Angliae
1125 2374 1172 2410 et
1202 2370 1259 2410 ab
1298 2382 1353 2410 eo
1385 2369 1631 2410 honorifice
1673 2382 1775 2411 sus-

514 2440 674 2488 ceptus
696 2440 780 2485 est,
806 2439 867 2485 et,
891 2435 939 2476 in
962 2435 1248 2488 captivitatis
1268 2447 1365 2475 suae
1387 2434 1617 2484 solatium,
1642 2434 1774 2476 fami-

514 2500 690 2542 liariter
756 2514 859 2542 cum
930 2514 984 2541 eo
1052 2505 1378 2547 conversatus3
1442 2512 1637 2552 cumque
1688 2500 1774 2542 fre-

514 2572 703 2619 quenter
745 2567 936 2608 instaret
978 2571 1030 2607 ut
1063 2578 1175 2607 cura
1214 2566 1301 2607 sibi
1337 2566 1475 2606 maris
1518 2566 1776 2608 traderetur

514 2633 756 2674 excusavit
802 2646 851 2673 se
900 2645 998 2681 rex,
1051 2645 1104 2672 eo
1147 2631 1268 2684 quod
1306 2631 1454 2673 noluit
1506 2632 1605 2686 ipse
1647 2632 1775 2674 Deus

873 2787 879 2806 ¹
906 2788 915 2804 ‘
928 2787 1124 2824 M.ccxcv1.‚'
1141 2787 1216 2818 MS.
1234 2786 1324 2818 Cutt.
1341 2786 1418 2818 Tib.
