<?xml version="1.0" encoding="UTF-8"?>
<!DOCTYPE html PUBLIC "-//W3C//DTD XHTML 1.0 Transitional//EN"
    "http://www.w3.org/TR/xhtml1/DTD/xhtml1-transitional.dtd">
<html xmlns="http://www.w3.org/1999/xhtml" xml:lang="en" lang="en">
 <head>
  <title>
</title>
<meta http-equiv="Content-Type" content="text/html;charset=utf-8" />
  <meta name='ocr-system' content='tesseract 3.04.00' />
  <meta name='ocr-capabilities' content='ocr_page ocr_carea ocr_par ocr_line ocrx_word'/>
</head>
<body>
  <div class='ocr_page' id='page_1' title='image "./chronicondominiw02hemiuoft/chronicondominiw02hemiuoft_0151.png"; bbox 0 0 2038 3306; ppageno 0'>
   <div class='ocr_carea' id='block_1_1' title="bbox 485 330 1478 373">
    <p class='ocr_par' dir='ltr' id='par_1_1' title="bbox 485 330 1478 373">
     <span class='ocr_line' id='line_1_1' title="bbox 485 330 1478 373; baseline 0.002 -2"><span class='ocrx_word' id='word_1_1' title='bbox 485 341 712 371; x_wconf 72' lang='lat' dir='ltr'>WAn&#39;rEm</span> <span class='ocrx_word' id='word_1_2' title='bbox 748 341 809 371; x_wconf 77' lang='lat' dir='ltr'>nn</span> <span class='ocrx_word' id='word_1_3' title='bbox 841 342 1218 373; x_wconf 80' lang='lat' dir='ltr'><strong>HEMINGBURGH.</strong></span> <span class='ocrx_word' id='word_1_4' title='bbox 1392 330 1478 373; x_wconf 85' lang='lat'>137</span> 
     </span>
    </p>
   </div>
   <div class='ocr_carea' id='block_1_2' title="bbox 211 444 1673 515">
    <p class='ocr_par' dir='ltr' id='par_1_2' title="bbox 211 444 1673 515">
     <span class='ocr_line' id='line_1_2' title="bbox 211 444 1673 515; baseline 0.002 -31"><span class='ocrx_word' id='word_1_5' title='bbox 211 444 329 494; x_wconf 84' lang='lat' dir='ltr'>silio,</span> <span class='ocrx_word' id='word_1_6' title='bbox 373 445 574 487; x_wconf 91' lang='lat' dir='ltr'>dicentes</span> <span class='ocrx_word' id='word_1_7' title='bbox 616 459 705 487; x_wconf 92' lang='lat' dir='ltr'>non</span> <span class='ocrx_word' id='word_1_8' title='bbox 750 459 850 487; x_wconf 90' lang='lat' dir='ltr'>esse</span> <span class='ocrx_word' id='word_1_9' title='bbox 891 460 1103 489; x_wconf 85' lang='lat' dir='ltr'>securum</span> <span class='ocrx_word' id='word_1_10' title='bbox 1141 461 1191 489; x_wconf 91' lang='lat' dir='ltr'>se</span> <span class='ocrx_word' id='word_1_11' title='bbox 1234 447 1280 488; x_wconf 87' lang='lat' dir='ltr'>in</span> <span class='ocrx_word' id='word_1_12' title='bbox 1319 448 1476 501; x_wconf 78' lang='lat' dir='ltr'>partes</span> <span class='ocrx_word' id='word_1_13' title='bbox 1508 456 1633 515; x_wconf 53' lang='lat' dir='ltr'>{⁶ss⁸1}</span> <span class='ocrx_word' id='word_1_14' title='bbox 1636 457 1673 515; x_wconf 67' lang='lat'>917·</span> 
     </span>
    </p>
   </div>
   <div class='ocr_carea' id='block_1_3' title="bbox 1492 524 1694 533">
    <p class='ocr_par' dir='ltr' id='par_1_3' title="bbox 1492 524 1694 533">
     <span class='ocr_line' id='line_1_3' title="bbox 1492 524 1694 533; baseline 0 2773"><span class='ocrx_word' id='word_1_15' title='bbox 1492 524 1694 533; x_wconf 95' lang='lat' dir='ltr'> </span> 
     </span>
    </p>
   </div>
   <div class='ocr_carea' id='block_1_4' title="bbox 209 510 1631 2749">
    <p class='ocr_par' dir='ltr' id='par_1_4' title="bbox 209 510 1631 2749">
     <span class='ocr_line' id='line_1_4' title="bbox 210 510 1631 569; baseline 0.003 -18"><span class='ocrx_word' id='word_1_16' title='bbox 210 510 425 552; x_wconf 89' lang='lat' dir='ltr'>dividere.</span> <span class='ocrx_word' id='word_1_17' title='bbox 489 511 635 553; x_wconf 87' lang='lat' dir='ltr'><strong>Erant</strong></span> <span class='ocrx_word' id='word_1_18' title='bbox 664 517 816 553; x_wconf 90' lang='lat' dir='ltr'>tamen</span> <span class='ocrx_word' id='word_1_19' title='bbox 849 515 982 566; x_wconf 86' lang='lat' dir='ltr'>quasi</span> <span class='ocrx_word' id='word_1_20' title='bbox 1012 514 1135 555; x_wconf 90' lang='lat' dir='ltr'>mille</span> <span class='ocrx_word' id='word_1_21' title='bbox 1163 517 1401 568; x_wconf 82' lang='lat' dir='ltr'><strong>equestres</strong></span> <span class='ocrx_word' id='word_1_22' title='bbox 1431 517 1478 554; x_wconf 89' lang='lat' dir='ltr'>et</span> <span class='ocrx_word' id='word_1_23' title='bbox 1494 543 1588 569; x_wconf 57' lang='lat' dir='ltr'>Bm„</span> <span class='ocrx_word' id='word_1_24' title='bbox 1600 543 1631 568; x_wconf 62' lang='lat' dir='ltr'>„f</span> 
     </span>
     <span class='ocr_line' id='line_1_5' title="bbox 213 576 1621 634; baseline 0.003 -17"><span class='ocrx_word' id='word_1_25' title='bbox 213 577 553 631; x_wconf 83' lang='lat' dir='ltr'>quinquaginta</span> <span class='ocrx_word' id='word_1_26' title='bbox 574 578 715 620; x_wconf 89' lang='lat' dir='ltr'>millia</span> <span class='ocrx_word' id='word_1_27' title='bbox 741 579 943 633; x_wconf 87' lang='lat' dir='ltr'>peditum</span> <span class='ocrx_word' id='word_1_28' title='bbox 964 581 1297 630; x_wconf 86' lang='lat' dir='ltr'>universorum,</span> <span class='ocrx_word' id='word_1_29' title='bbox 1313 583 1480 634; x_wconf 79' lang='lat' dir='ltr'>praeter</span> <span class='ocrx_word' id='word_1_30' title='bbox 1494 576 1621 608; x_wconf 57' lang='lat' dir='ltr'>S‘ifflnss·</span> 
     </span>
     <span class='ocr_line' id='line_1_6' title="bbox 213 643 1480 700; baseline 0.002 -17"><span class='ocrx_word' id='word_1_31' title='bbox 213 643 432 696; x_wconf 89' lang='lat' dir='ltr'>populum</span> <span class='ocrx_word' id='word_1_32' title='bbox 466 658 602 698; x_wconf 92' lang='lat' dir='ltr'>quem</span> <span class='ocrx_word' id='word_1_33' title='bbox 635 645 844 687; x_wconf 88' lang='lat' dir='ltr'>dominus</span> <span class='ocrx_word' id='word_1_34' title='bbox 876 646 1109 688; x_wconf 88' lang='lat' dir='ltr'>Henricus</span> <span class='ocrx_word' id='word_1_35' title='bbox 1146 647 1203 688; x_wconf 92' lang='lat' dir='ltr'>de</span> <span class='ocrx_word' id='word_1_36' title='bbox 1243 646 1392 700; x_wconf 88' lang='lat' dir='ltr'>Percy</span> <span class='ocrx_word' id='word_1_37' title='bbox 1423 645 1480 687; x_wconf 89' lang='lat' dir='ltr'>de</span> 
     </span>
     <span class='ocr_line' id='line_1_7' title="bbox 210 710 1478 766; baseline 0.003 -16"><span class='ocrx_word' id='word_1_38' title='bbox 210 710 505 752; x_wconf 89' lang='lat' dir='ltr'>comitatibus</span> <span class='ocrx_word' id='word_1_39' title='bbox 523 710 712 752; x_wconf 88' lang='lat' dir='ltr'>Carlioli</span> <span class='ocrx_word' id='word_1_40' title='bbox 731 716 777 753; x_wconf 92' lang='lat' dir='ltr'>et</span> <span class='ocrx_word' id='word_1_41' title='bbox 796 711 1080 754; x_wconf 85' lang='lat' dir='ltr'>Lancastriae</span> <span class='ocrx_word' id='word_1_42' title='bbox 1096 717 1478 766; x_wconf 83' lang='lat' dir='ltr'>congregaverat,</span> 
     </span>
     <span class='ocr_line' id='line_1_8' title="bbox 213 777 1479 832; baseline 0.003 -16"><span class='ocrx_word' id='word_1_43' title='bbox 213 781 501 818; x_wconf 85' lang='lat' dir='ltr'>numeratum</span> <span class='ocrx_word' id='word_1_44' title='bbox 551 777 608 818; x_wconf 89' lang='lat' dir='ltr'>ad</span> <span class='ocrx_word' id='word_1_45' title='bbox 651 782 881 819; x_wconf 87' lang='lat' dir='ltr'>trecentos</span> <span class='ocrx_word' id='word_1_46' title='bbox 929 779 1107 832; x_wconf 88' lang='lat' dir='ltr'>equites</span> <span class='ocrx_word' id='word_1_47' title='bbox 1147 784 1194 820; x_wconf 87' lang='lat' dir='ltr'>et</span> <span class='ocrx_word' id='word_1_48' title='bbox 1243 778 1479 832; x_wconf 85' lang='lat' dir='ltr'>octoginta</span> 
     </span>
     <span class='ocr_line' id='line_1_9' title="bbox 211 841 1477 897; baseline 0.002 -15"><span class='ocrx_word' id='word_1_49' title='bbox 211 841 356 883; x_wconf 91' lang='lat' dir='ltr'>millia</span> <span class='ocrx_word' id='word_1_50' title='bbox 380 843 580 896; x_wconf 89' lang='lat' dir='ltr'>peditum</span> <span class='ocrx_word' id='word_1_51' title='bbox 604 843 851 884; x_wconf 86' lang='lat' dir='ltr'>electorum</span> <span class='ocrx_word' id='word_1_52' title='bbox 869 856 881 893; x_wconf 83' lang='lat'>3</span> <span class='ocrx_word' id='word_1_53' title='bbox 920 844 998 897; x_wconf 93' lang='lat' dir='ltr'>qui</span> <span class='ocrx_word' id='word_1_54' title='bbox 1020 857 1120 885; x_wconf 91' lang='lat' dir='ltr'>cum</span> <span class='ocrx_word' id='word_1_55' title='bbox 1142 848 1263 885; x_wconf 86' lang='lat' dir='ltr'>esset</span> <span class='ocrx_word' id='word_1_56' title='bbox 1283 845 1330 885; x_wconf 93' lang='lat' dir='ltr'>in</span> <span class='ocrx_word' id='word_1_57' title='bbox 1351 844 1477 886; x_wconf 82' lang='lat' dir='ltr'>veni·</span> 
     </span>
     <span class='ocr_line' id='line_1_10' title="bbox 212 907 1479 964; baseline 0.003 -17"><span class='ocrx_word' id='word_1_58' title='bbox 212 907 328 948; x_wconf 91' lang='lat' dir='ltr'>endo</span> <span class='ocrx_word' id='word_1_59' title='bbox 367 921 470 949; x_wconf 92' lang='lat' dir='ltr'>cum</span> <span class='ocrx_word' id='word_1_60' title='bbox 515 909 580 950; x_wconf 90' lang='lat' dir='ltr'>eis</span> <span class='ocrx_word' id='word_1_61' title='bbox 622 922 782 950; x_wconf 83' lang='lat' dir='ltr'>versus</span> <span class='ocrx_word' id='word_1_62' title='bbox 813 909 1062 964; x_wconf 86' lang='lat' dir='ltr'>Stryvelyn</span> <span class='ocrx_word' id='word_1_63' title='bbox 1102 910 1332 951; x_wconf 91' lang='lat' dir='ltr'>modicum</span> <span class='ocrx_word' id='word_1_64' title='bbox 1371 915 1479 952; x_wconf 88' lang='lat' dir='ltr'>ante</span> 
     </span>
     <span class='ocr_line' id='line_1_11' title="bbox 213 974 1479 1028; baseline 0.002 -15"><span class='ocrx_word' id='word_1_65' title='bbox 213 974 385 1026; x_wconf 88' lang='lat' dir='ltr'>recepit</span> <span class='ocrx_word' id='word_1_66' title='bbox 415 975 463 1015; x_wconf 93' lang='lat' dir='ltr'>in</span> <span class='ocrx_word' id='word_1_67' title='bbox 493 975 723 1016; x_wconf 89' lang='lat' dir='ltr'>mandatis</span> <span class='ocrx_word' id='word_1_68' title='bbox 750 987 778 1016; x_wconf 93' lang='lat' dir='ltr'>a</span> <span class='ocrx_word' id='word_1_69' title='bbox 805 974 990 1016; x_wconf 91' lang='lat' dir='ltr'>domino</span> <span class='ocrx_word' id='word_1_70' title='bbox 1021 974 1226 1028; x_wconf 90' lang='lat' dir='ltr'>Hugone</span> <span class='ocrx_word' id='word_1_71' title='bbox 1255 975 1312 1016; x_wconf 93' lang='lat' dir='ltr'>de</span> <span class='ocrx_word' id='word_1_72' title='bbox 1344 975 1479 1016; x_wconf 91' lang='lat' dir='ltr'>Cres-</span> 
     </span>
     <span class='ocr_line' id='line_1_12' title="bbox 213 1039 1479 1095; baseline 0.002 -15"><span class='ocrx_word' id='word_1_73' title='bbox 213 1039 456 1093; x_wconf 88' lang='lat' dir='ltr'>syngham,</span> <span class='ocrx_word' id='word_1_74' title='bbox 479 1039 766 1082; x_wconf 87' lang='lat' dir='ltr'>thesaurario</span> <span class='ocrx_word' id='word_1_75' title='bbox 792 1041 930 1094; x_wconf 89' lang='lat' dir='ltr'>regis,</span> <span class='ocrx_word' id='word_1_76' title='bbox 953 1047 1006 1082; x_wconf 89' lang='lat' dir='ltr'>ut</span> <span class='ocrx_word' id='word_1_77' title='bbox 1033 1041 1225 1083; x_wconf 90' lang='lat' dir='ltr'>eundem</span> <span class='ocrx_word' id='word_1_78' title='bbox 1258 1041 1479 1095; x_wconf 90' lang='lat' dir='ltr'>populum</span> 
     </span>
     <span class='ocr_line' id='line_1_13' title="bbox 209 1106 1476 1159; baseline 0.002 -13"><span class='ocrx_word' id='word_1_79' title='bbox 209 1118 313 1146; x_wconf 90' lang='lat' dir='ltr'>cum</span> <span class='ocrx_word' id='word_1_80' title='bbox 344 1106 595 1159; x_wconf 85' lang='lat' dir='ltr'>gratiarum</span> <span class='ocrx_word' id='word_1_81' title='bbox 629 1107 810 1148; x_wconf 87' lang='lat' dir='ltr'>actione</span> <span class='ocrx_word' id='word_1_82' title='bbox 841 1108 1112 1158; x_wconf 88' lang='lat' dir='ltr'>remitteret,</span> <span class='ocrx_word' id='word_1_83' title='bbox 1146 1108 1302 1149; x_wconf 91' lang='lat' dir='ltr'>dicens</span> <span class='ocrx_word' id='word_1_84' title='bbox 1343 1121 1476 1149; x_wconf 88' lang='lat' dir='ltr'>exer-</span> 
     </span>
     <span class='ocr_line' id='line_1_14' title="bbox 210 1171 1476 1228; baseline 0.002 -16"><span class='ocrx_word' id='word_1_85' title='bbox 210 1171 351 1213; x_wconf 88' lang='lat' dir='ltr'>citum</span> <span class='ocrx_word' id='word_1_86' title='bbox 384 1185 519 1226; x_wconf 92' lang='lat' dir='ltr'>quem</span> <span class='ocrx_word' id='word_1_87' title='bbox 545 1173 776 1215; x_wconf 89' lang='lat' dir='ltr'>habebant</span> <span class='ocrx_word' id='word_1_88' title='bbox 810 1172 1015 1215; x_wconf 90' lang='lat' dir='ltr'>sufficere</span> <span class='ocrx_word' id='word_1_89' title='bbox 1043 1187 1195 1228; x_wconf 88' lang='lat' dir='ltr'>posse,</span> <span class='ocrx_word' id='word_1_90' title='bbox 1221 1187 1304 1215; x_wconf 91' lang='lat' dir='ltr'>nec</span> <span class='ocrx_word' id='word_1_91' title='bbox 1337 1187 1476 1228; x_wconf 85' lang='lat' dir='ltr'>expe·</span> 
     </span>
     <span class='ocr_line' id='line_1_15' title="bbox 211 1237 1475 1294; baseline 0.002 -16"><span class='ocrx_word' id='word_1_92' title='bbox 211 1237 308 1279; x_wconf 87' lang='lat' dir='ltr'>dire</span> <span class='ocrx_word' id='word_1_93' title='bbox 346 1239 471 1292; x_wconf 91' lang='lat' dir='ltr'>ipsos</span> <span class='ocrx_word' id='word_1_94' title='bbox 502 1252 673 1280; x_wconf 88' lang='lat' dir='ltr'>vexare</span> <span class='ocrx_word' id='word_1_95' title='bbox 713 1240 760 1280; x_wconf 91' lang='lat' dir='ltr'>in</span> <span class='ocrx_word' id='word_1_96' title='bbox 797 1253 964 1281; x_wconf 87' lang='lat' dir='ltr'>vanum</span> <span class='ocrx_word' id='word_1_97' title='bbox 997 1241 1068 1282; x_wconf 90' lang='lat' dir='ltr'>vel</span> <span class='ocrx_word' id='word_1_98' title='bbox 1105 1240 1227 1294; x_wconf 88' lang='lat' dir='ltr'>regis</span> <span class='ocrx_word' id='word_1_99' title='bbox 1262 1240 1475 1282; x_wconf 87' lang='lat' dir='ltr'>aerarium</span> 
     </span>
     <span class='ocr_line' id='line_1_16' title="bbox 210 1306 1476 1361; baseline 0.002 -16"><span class='ocrx_word' id='word_1_100' title='bbox 210 1317 478 1346; x_wconf 83' lang='lat' dir='ltr'><strong>consumere</strong></span> <span class='ocrx_word' id='word_1_101' title='bbox 499 1306 741 1359; x_wconf 85' lang='lat' dir='ltr'>plusquam</span> <span class='ocrx_word' id='word_1_102' title='bbox 765 1319 951 1348; x_wconf 87' lang='lat' dir='ltr'>necesse</span> <span class='ocrx_word' id='word_1_103' title='bbox 972 1311 1086 1348; x_wconf 89' lang='lat' dir='ltr'>erat.</span> <span class='ocrx_word' id='word_1_104' title='bbox 1152 1307 1372 1361; x_wconf 89' lang='lat' dir='ltr'>Fecitque</span> <span class='ocrx_word' id='word_1_105' title='bbox 1394 1307 1476 1357; x_wconf 88' lang='lat' dir='ltr'>sic,</span> 
     </span>
     <span class='ocr_line' id='line_1_17' title="bbox 210 1371 1475 1426; baseline 0.005 -16"><span class='ocrx_word' id='word_1_106' title='bbox 210 1375 259 1411; x_wconf 91' lang='lat' dir='ltr'>et</span> <span class='ocrx_word' id='word_1_107' title='bbox 299 1371 566 1424; x_wconf 87' lang='lat' dir='ltr'>indignatus</span> <span class='ocrx_word' id='word_1_108' title='bbox 616 1378 686 1414; x_wconf 90' lang='lat' dir='ltr'>est</span> <span class='ocrx_word' id='word_1_109' title='bbox 733 1373 932 1426; x_wconf 91' lang='lat' dir='ltr'>populus</span> <span class='ocrx_word' id='word_1_110' title='bbox 972 1372 1123 1423; x_wconf 89' lang='lat' dir='ltr'>valde,</span> <span class='ocrx_word' id='word_1_111' title='bbox 1164 1373 1323 1415; x_wconf 87' lang='lat' dir='ltr'>volens</span> <span class='ocrx_word' id='word_1_112' title='bbox 1373 1386 1475 1416; x_wconf 88' lang='lat' dir='ltr'>eum</span> 
     </span>
     <span class='ocr_line' id='line_1_18' title="bbox 211 1437 1476 1493; baseline 0.002 -16"><span class='ocrx_word' id='word_1_113' title='bbox 211 1437 343 1490; x_wconf 81' lang='lat' dir='ltr'>quasi</span> <span class='ocrx_word' id='word_1_114' title='bbox 366 1437 584 1491; x_wconf 89' lang='lat' dir='ltr'>lapidare.</span> <span class='ocrx_word' id='word_1_115' title='bbox 654 1438 813 1480; x_wconf 85' lang='lat' dir='ltr'>Variis</span> <span class='ocrx_word' id='word_1_116' title='bbox 838 1439 995 1493; x_wconf 92' lang='lat' dir='ltr'>itaque</span> <span class='ocrx_word' id='word_1_117' title='bbox 1017 1439 1148 1480; x_wconf 85' lang='lat' dir='ltr'>varia</span> <span class='ocrx_word' id='word_1_118' title='bbox 1169 1439 1476 1490; x_wconf 86' lang='lat' dir='ltr'>censentibus,</span> 
     </span>
     <span class='ocr_line' id='line_1_19' title="bbox 210 1503 1475 1558; baseline 0.003 -15"><span class='ocrx_word' id='word_1_119' title='bbox 210 1503 561 1545; x_wconf 84' lang='lat' dir='ltr'>conclamabant</span> <span class='ocrx_word' id='word_1_120' title='bbox 581 1504 767 1558; x_wconf 91' lang='lat' dir='ltr'>quidam</span> <span class='ocrx_word' id='word_1_121' title='bbox 794 1510 846 1546; x_wconf 93' lang='lat' dir='ltr'>ut</span> <span class='ocrx_word' id='word_1_122' title='bbox 875 1510 1060 1558; x_wconf 89' lang='lat' dir='ltr'>pontem</span> <span class='ocrx_word' id='word_1_123' title='bbox 1083 1506 1475 1557; x_wconf 85' lang='lat' dir='ltr'>transcenderent,</span> 
     </span>
     <span class='ocr_line' id='line_1_20' title="bbox 210 1568 1476 1626; baseline 0.002 -17"><span class='ocrx_word' id='word_1_124' title='bbox 210 1568 290 1609; x_wconf 92' lang='lat' dir='ltr'>alii</span> <span class='ocrx_word' id='word_1_125' title='bbox 312 1581 337 1610; x_wconf 92' lang='lat' dir='ltr'>e</span> <span class='ocrx_word' id='word_1_126' title='bbox 357 1582 578 1611; x_wconf 85' lang='lat' dir='ltr'>converso</span> <span class='ocrx_word' id='word_1_127' title='bbox 600 1583 708 1611; x_wconf 91' lang='lat' dir='ltr'>non.</span> <span class='ocrx_word' id='word_1_128' title='bbox 779 1570 909 1612; x_wconf 89' lang='lat' dir='ltr'>Inter</span> <span class='ocrx_word' id='word_1_129' title='bbox 940 1583 1056 1624; x_wconf 92' lang='lat' dir='ltr'>quos</span> <span class='ocrx_word' id='word_1_130' title='bbox 1088 1571 1257 1626; x_wconf 90' lang='lat' dir='ltr'>adjecit</span> <span class='ocrx_word' id='word_1_131' title='bbox 1275 1571 1353 1613; x_wconf 89' lang='lat' dir='ltr'>ille</span> <span class='ocrx_word' id='word_1_132' title='bbox 1375 1571 1476 1612; x_wconf 84' lang='lat' dir='ltr'>the-</span> 
     </span>
     <span class='ocr_line' id='line_1_21' title="bbox 210 1635 1475 1691; baseline 0.001 -15"><span class='ocrx_word' id='word_1_133' title='bbox 210 1635 446 1677; x_wconf 89' lang='lat' dir='ltr'>saurarius</span> <span class='ocrx_word' id='word_1_134' title='bbox 469 1636 605 1689; x_wconf 89' lang='lat' dir='ltr'>regis,</span> <span class='ocrx_word' id='word_1_135' title='bbox 627 1636 762 1677; x_wconf 91' lang='lat' dir='ltr'>homo</span> <span class='ocrx_word' id='word_1_136' title='bbox 787 1637 971 1690; x_wconf 91' lang='lat' dir='ltr'>quidem</span> <span class='ocrx_word' id='word_1_137' title='bbox 1001 1649 1250 1691; x_wconf 89' lang='lat' dir='ltr'>pomposus</span> <span class='ocrx_word' id='word_1_138' title='bbox 1277 1642 1324 1678; x_wconf 91' lang='lat' dir='ltr'>et</span> <span class='ocrx_word' id='word_1_139' title='bbox 1354 1636 1475 1678; x_wconf 89' lang='lat' dir='ltr'>filius</span> 
     </span>
     <span class='ocr_line' id='line_1_22' title="bbox 209 1701 1474 1756; baseline 0.002 -14"><span class='ocrx_word' id='word_1_140' title='bbox 209 1701 383 1752; x_wconf 89' lang='lat' dir='ltr'>mortis,</span> <span class='ocrx_word' id='word_1_141' title='bbox 401 1705 431 1724; x_wconf 90' lang='lat'><strong>“</strong></span> <span class='ocrx_word' id='word_1_142' title='bbox 441 1701 550 1743; x_wconf 89' lang='lat' dir='ltr'>Non</span> <span class='ocrx_word' id='word_1_143' title='bbox 565 1702 769 1756; x_wconf 83' lang='lat' dir='ltr'>expedit,</span> <span class='ocrx_word' id='word_1_144' title='bbox 784 1702 967 1744; x_wconf 90' lang='lat' dir='ltr'>domiue</span> <span class='ocrx_word' id='word_1_145' title='bbox 980 1715 1148 1753; x_wconf 89' lang='lat' dir='ltr'>comes,</span> <span class='ocrx_word' id='word_1_146' title='bbox 1163 1703 1355 1744; x_wconf 89' lang='lat' dir='ltr'>ulterius</span> <span class='ocrx_word' id='word_1_147' title='bbox 1368 1716 1474 1756; x_wconf 65' lang='lat' dir='ltr'>pro⁴</span> 
     </span>
     <span class='ocr_line' id='line_1_23' title="bbox 210 1767 1471 1822; baseline 0.002 -14"><span class='ocrx_word' id='word_1_148' title='bbox 210 1767 355 1809; x_wconf 84' lang='lat' dir='ltr'>telare</span> <span class='ocrx_word' id='word_1_149' title='bbox 394 1768 646 1821; x_wconf 86' lang='lat' dir='ltr'>negotium,</span> <span class='ocrx_word' id='word_1_150' title='bbox 681 1772 728 1810; x_wconf 92' lang='lat' dir='ltr'>et</span> <span class='ocrx_word' id='word_1_151' title='bbox 771 1768 1037 1811; x_wconf 87' lang='lat' dir='ltr'>thesaurum</span> <span class='ocrx_word' id='word_1_152' title='bbox 1081 1769 1203 1822; x_wconf 90' lang='lat' dir='ltr'>regis</span> <span class='ocrx_word' id='word_1_153' title='bbox 1241 1769 1388 1811; x_wconf 89' lang='lat' dir='ltr'>nostri</span> <span class='ocrx_word' id='word_1_154' title='bbox 1426 1770 1471 1811; x_wconf 92' lang='lat' dir='ltr'>in</span> 
     </span>
     <span class='ocr_line' id='line_1_24' title="bbox 211 1834 1474 1888; baseline 0.002 -14"><span class='ocrx_word' id='word_1_155' title='bbox 211 1846 376 1875; x_wconf 87' lang='lat' dir='ltr'>vanum</span> <span class='ocrx_word' id='word_1_156' title='bbox 411 1834 684 1888; x_wconf 84' lang='lat' dir='ltr'>expendere,</span> <span class='ocrx_word' id='word_1_157' title='bbox 717 1834 798 1876; x_wconf 91' lang='lat' dir='ltr'>sed</span> <span class='ocrx_word' id='word_1_158' title='bbox 832 1836 1130 1877; x_wconf 87' lang='lat' dir='ltr'>ascendamus</span> <span class='ocrx_word' id='word_1_159' title='bbox 1170 1840 1216 1877; x_wconf 92' lang='lat' dir='ltr'>et</span> <span class='ocrx_word' id='word_1_160' title='bbox 1251 1835 1474 1877; x_wconf 88' lang='lat' dir='ltr'>faciamus</span> 
     </span>
     <span class='ocr_line' id='line_1_25' title="bbox 210 1899 1474 1944; baseline 0.002 -4"><span class='ocrx_word' id='word_1_161' title='bbox 210 1899 413 1942; x_wconf 91' lang='lat' dir='ltr'>debitum</span> <span class='ocrx_word' id='word_1_162' title='bbox 448 1906 655 1942; x_wconf 89' lang='lat' dir='ltr'>nostrum</span> <span class='ocrx_word' id='word_1_163' title='bbox 689 1906 741 1942; x_wconf 90' lang='lat' dir='ltr'>ut</span> <span class='ocrx_word' id='word_1_164' title='bbox 771 1905 981 1943; x_wconf 90' lang='lat' dir='ltr'>tenemur</span> <span class='ocrx_word' id='word_1_165' title='bbox 1021 1902 1244 1944; x_wconf 88' lang='lat' dir='ltr'>astricti.”</span> <span class='ocrx_word' id='word_1_166' title='bbox 1313 1901 1474 1943; x_wconf 88' lang='lat' dir='ltr'>Motus</span> 
     </span>
     <span class='ocr_line' id='line_1_26' title="bbox 210 1967 1474 2022; baseline 0.002 -15"><span class='ocrx_word' id='word_1_167' title='bbox 210 1967 367 2020; x_wconf 90' lang='lat' dir='ltr'>itaque</span> <span class='ocrx_word' id='word_1_168' title='bbox 393 1980 545 2008; x_wconf 91' lang='lat' dir='ltr'>comes</span> <span class='ocrx_word' id='word_1_169' title='bbox 570 1967 617 2008; x_wconf 90' lang='lat' dir='ltr'>in</span> <span class='ocrx_word' id='word_1_170' title='bbox 646 1967 795 2008; x_wconf 90' lang='lat' dir='ltr'>verbis</span> <span class='ocrx_word' id='word_1_171' title='bbox 821 1968 939 2019; x_wconf 88' lang='lat' dir='ltr'>istis,</span> <span class='ocrx_word' id='word_1_172' title='bbox 962 1969 1181 2022; x_wconf 79' lang='lat' dir='ltr'>praecepit</span> <span class='ocrx_word' id='word_1_173' title='bbox 1206 1974 1257 2010; x_wconf 89' lang='lat' dir='ltr'>ut</span> <span class='ocrx_word' id='word_1_174' title='bbox 1285 1973 1474 2021; x_wconf 89' lang='lat' dir='ltr'>pontem</span> 
     </span>
     <span class='ocr_line' id='line_1_27' title="bbox 211 2033 1473 2083; baseline 0.002 -10"><span class='ocrx_word' id='word_1_175' title='bbox 211 2033 510 2075; x_wconf 90' lang='lat' dir='ltr'>ascenderent</span> <span class='ocrx_word' id='word_1_176' title='bbox 532 2040 543 2058; x_wconf 91' lang='lat'>‘</span> <span class='ocrx_word' id='word_1_177' title='bbox 562 2033 656 2075; x_wconf 89' lang='lat' dir='ltr'>et&#39;l</span> <span class='ocrx_word' id='word_1_178' title='bbox 690 2034 952 2076; x_wconf 84' lang='lat' dir='ltr'>transirent.</span> <span class='ocrx_word' id='word_1_179' title='bbox 1016 2034 1188 2076; x_wconf 88' lang='lat' dir='ltr'>Mirum</span> <span class='ocrx_word' id='word_1_180' title='bbox 1219 2035 1362 2083; x_wconf 90' lang='lat' dir='ltr'>dictu,</span> <span class='ocrx_word' id='word_1_181' title='bbox 1394 2034 1473 2075; x_wconf 89' lang='lat' dir='ltr'>sed</span> 
     </span>
     <span class='ocr_line' id='line_1_28' title="bbox 212 2099 1474 2154; baseline 0.002 -15"><span class='ocrx_word' id='word_1_182' title='bbox 212 2099 414 2140; x_wconf 85' lang='lat' dir='ltr'>terribile</span> <span class='ocrx_word' id='word_1_183' title='bbox 435 2099 545 2153; x_wconf 93' lang='lat' dir='ltr'>quid</span> <span class='ocrx_word' id='word_1_184' title='bbox 565 2100 610 2140; x_wconf 93' lang='lat' dir='ltr'>in</span> <span class='ocrx_word' id='word_1_185' title='bbox 634 2104 817 2150; x_wconf 90' lang='lat' dir='ltr'>eventu,</span> <span class='ocrx_word' id='word_1_186' title='bbox 842 2101 962 2154; x_wconf 94' lang='lat' dir='ltr'>quod</span> <span class='ocrx_word' id='word_1_187' title='bbox 985 2105 1055 2142; x_wconf 89' lang='lat' dir='ltr'>tot</span> <span class='ocrx_word' id='word_1_188' title='bbox 1085 2105 1130 2141; x_wconf 85' lang='lat' dir='ltr'>et</span> <span class='ocrx_word' id='word_1_189' title='bbox 1151 2101 1269 2142; x_wconf 85' lang='lat' dir='ltr'>tanti</span> <span class='ocrx_word' id='word_1_190' title='bbox 1289 2100 1474 2141; x_wconf 86' lang='lat' dir='ltr'>discreti</span> 
     </span>
     <span class='ocr_line' id='line_1_29' title="bbox 211 2165 1475 2220; baseline 0.002 -15"><span class='ocrx_word' id='word_1_191' title='bbox 211 2165 315 2215; x_wconf 89' lang='lat' dir='ltr'>viri,</span> <span class='ocrx_word' id='word_1_192' title='bbox 352 2165 459 2206; x_wconf 89' lang='lat' dir='ltr'>dum</span> <span class='ocrx_word' id='word_1_193' title='bbox 500 2166 671 2207; x_wconf 90' lang='lat' dir='ltr'>scirent</span> <span class='ocrx_word' id='word_1_194' title='bbox 713 2165 869 2207; x_wconf 89' lang='lat' dir='ltr'>hostes</span> <span class='ocrx_word' id='word_1_195' title='bbox 913 2167 960 2207; x_wconf 91' lang='lat' dir='ltr'>in</span> <span class='ocrx_word' id='word_1_196' title='bbox 995 2170 1225 2220; x_wconf 83' lang='lat' dir='ltr'>promptu,</span> <span class='ocrx_word' id='word_1_197' title='bbox 1264 2166 1475 2209; x_wconf 87' lang='lat' dir='ltr'>strictum</span> 
     </span>
     <span class='ocr_line' id='line_1_30' title="bbox 211 2231 1477 2286; baseline 0.002 -14"><span class='ocrx_word' id='word_1_198' title='bbox 211 2236 395 2285; x_wconf 85' lang='lat' dir='ltr'>pontem</span> <span class='ocrx_word' id='word_1_199' title='bbox 429 2231 728 2273; x_wconf 88' lang='lat' dir='ltr'>ascenderent</span> <span class='ocrx_word' id='word_1_200' title='bbox 760 2245 896 2285; x_wconf 91' lang='lat' dir='ltr'>quem</span> <span class='ocrx_word' id='word_1_201' title='bbox 927 2232 1019 2273; x_wconf 91' lang='lat' dir='ltr'>bini</span> <span class='ocrx_word' id='word_1_202' title='bbox 1052 2237 1289 2286; x_wconf 88' lang='lat' dir='ltr'>equestres</span> <span class='ocrx_word' id='word_1_203' title='bbox 1316 2232 1395 2273; x_wconf 86' lang='lat' dir='ltr'>vix</span> <span class='ocrx_word' id='word_1_204' title='bbox 1430 2237 1477 2274; x_wconf 91' lang='lat' dir='ltr'>et</span> 
     </span>
     <span class='ocr_line' id='line_1_31' title="bbox 212 2296 1475 2352; baseline 0.002 -14"><span class='ocrx_word' id='word_1_205' title='bbox 212 2310 313 2338; x_wconf 89' lang='lat' dir='ltr'>cum</span> <span class='ocrx_word' id='word_1_206' title='bbox 336 2296 605 2339; x_wconf 89' lang='lat' dir='ltr'>difficultate</span> <span class='ocrx_word' id='word_1_207' title='bbox 635 2297 771 2339; x_wconf 91' lang='lat' dir='ltr'>simul</span> <span class='ocrx_word' id='word_1_208' title='bbox 796 2299 992 2339; x_wconf 89' lang='lat' dir='ltr'>transire</span> <span class='ocrx_word' id='word_1_209' title='bbox 1012 2303 1274 2352; x_wconf 89' lang='lat' dir='ltr'>potuerunt.</span> <span class='ocrx_word' id='word_1_210' title='bbox 1345 2297 1475 2349; x_wconf 86' lang='lat' dir='ltr'>Quo-</span> 
     </span>
     <span class='ocr_line' id='line_1_32' title="bbox 211 2364 1476 2418; baseline 0.002 -14"><span class='ocrx_word' id='word_1_211' title='bbox 211 2364 351 2414; x_wconf 90' lang='lat' dir='ltr'>niam,</span> <span class='ocrx_word' id='word_1_212' title='bbox 374 2370 426 2405; x_wconf 90' lang='lat' dir='ltr'>ut</span> <span class='ocrx_word' id='word_1_213' title='bbox 448 2364 662 2405; x_wconf 88' lang='lat' dir='ltr'>dicebant</span> <span class='ocrx_word' id='word_1_214' title='bbox 689 2364 875 2418; x_wconf 93' lang='lat' dir='ltr'>quidam</span> <span class='ocrx_word' id='word_1_215' title='bbox 897 2364 976 2417; x_wconf 92' lang='lat' dir='ltr'>qui</span> <span class='ocrx_word' id='word_1_216' title='bbox 1006 2365 1052 2406; x_wconf 94' lang='lat' dir='ltr'>in</span> <span class='ocrx_word' id='word_1_217' title='bbox 1077 2365 1236 2406; x_wconf 90' lang='lat' dir='ltr'>eodem</span> <span class='ocrx_word' id='word_1_218' title='bbox 1257 2364 1476 2406; x_wconf 87' lang='lat' dir='ltr'>conflictu</span> 
     </span>
     <span class='ocr_line' id='line_1_33' title="bbox 212 2430 1475 2484; baseline 0.002 -14"><span class='ocrx_word' id='word_1_219' title='bbox 212 2430 411 2481; x_wconf 83' lang='lat' dir='ltr'>fuerant,</span> <span class='ocrx_word' id='word_1_220' title='bbox 432 2430 470 2471; x_wconf 94' lang='lat' dir='ltr'>si</span> <span class='ocrx_word' id='word_1_221' title='bbox 492 2443 520 2472; x_wconf 92' lang='lat' dir='ltr'>a</span> <span class='ocrx_word' id='word_1_222' title='bbox 540 2443 718 2472; x_wconf 90' lang='lat' dir='ltr'>summo</span> <span class='ocrx_word' id='word_1_223' title='bbox 739 2443 873 2471; x_wconf 91' lang='lat' dir='ltr'>mane</span> <span class='ocrx_word' id='word_1_224' title='bbox 894 2444 1041 2484; x_wconf 90' lang='lat' dir='ltr'>usque</span> <span class='ocrx_word' id='word_1_225' title='bbox 1065 2432 1121 2472; x_wconf 91' lang='lat' dir='ltr'>ad</span> <span class='ocrx_word' id='word_1_226' title='bbox 1149 2431 1310 2472; x_wconf 90' lang='lat' dir='ltr'>horam</span> <span class='ocrx_word' id='word_1_227' title='bbox 1334 2431 1475 2472; x_wconf 90' lang='lat' dir='ltr'>unde-</span> 
     </span>
     <span class='ocr_line' id='line_1_34' title="bbox 212 2496 1478 2551; baseline 0.001 -14"><span class='ocrx_word' id='word_1_228' title='bbox 212 2497 376 2537; x_wconf 90' lang='lat' dir='ltr'>cimam</span> <span class='ocrx_word' id='word_1_229' title='bbox 424 2497 598 2550; x_wconf 89' lang='lat' dir='ltr'>absque</span> <span class='ocrx_word' id='word_1_230' title='bbox 641 2496 737 2537; x_wconf 88' lang='lat' dir='ltr'>ulla</span> <span class='ocrx_word' id='word_1_231' title='bbox 787 2497 1118 2551; x_wconf 88' lang='lat' dir='ltr'>interruptione</span> <span class='ocrx_word' id='word_1_232' title='bbox 1166 2497 1239 2538; x_wconf 87' lang='lat' dir='ltr'>vel</span> <span class='ocrx_word' id='word_1_233' title='bbox 1287 2497 1478 2551; x_wconf 91' lang='lat' dir='ltr'>impedi·-</span> 
     </span>
     <span class='ocr_line' id='line_1_35' title="bbox 213 2562 1477 2617; baseline 0.002 -14"><span class='ocrx_word' id='word_1_234' title='bbox 213 2567 365 2604; x_wconf 86' lang='lat' dir='ltr'>mento</span> <span class='ocrx_word' id='word_1_235' title='bbox 394 2563 682 2613; x_wconf 81' lang='lat' dir='ltr'>transissent,</span> <span class='ocrx_word' id='word_1_236' title='bbox 705 2562 851 2604; x_wconf 86' lang='lat' dir='ltr'>adhuc</span> <span class='ocrx_word' id='word_1_237' title='bbox 882 2568 1091 2605; x_wconf 89' lang='lat' dir='ltr'>extrema</span> <span class='ocrx_word' id='word_1_238' title='bbox 1118 2576 1224 2617; x_wconf 91' lang='lat' dir='ltr'>pars</span> <span class='ocrx_word' id='word_1_239' title='bbox 1246 2564 1477 2605; x_wconf 88' lang='lat' dir='ltr'>exercitus</span> 
     </span>
     <span class='ocr_line' id='line_1_36' title="bbox 214 2629 1478 2683; baseline 0 -13"><span class='ocrx_word' id='word_1_240' title='bbox 214 2629 259 2669; x_wconf 90' lang='lat' dir='ltr'>in</span> <span class='ocrx_word' id='word_1_241' title='bbox 296 2634 427 2682; x_wconf 89' lang='lat' dir='ltr'>parte</span> <span class='ocrx_word' id='word_1_242' title='bbox 466 2642 637 2682; x_wconf 87' lang='lat' dir='ltr'>magna</span> <span class='ocrx_word' id='word_1_243' title='bbox 680 2630 1002 2682; x_wconf 83' lang='lat' dir='ltr'>remansisset3</span> <span class='ocrx_word' id='word_1_244' title='bbox 1058 2643 1141 2671; x_wconf 90' lang='lat' dir='ltr'>nec</span> <span class='ocrx_word' id='word_1_245' title='bbox 1191 2629 1278 2671; x_wconf 85' lang='lat' dir='ltr'>fuit</span> <span class='ocrx_word' id='word_1_246' title='bbox 1325 2630 1478 2683; x_wconf 86' lang='lat' dir='ltr'>aptior</span> 
     </span>
     <span class='ocr_line' id='line_1_37' title="bbox 214 2694 1478 2749; baseline 0.001 -13"><span class='ocrx_word' id='word_1_247' title='bbox 214 2695 341 2736; x_wconf 92' lang='lat' dir='ltr'>locus</span> <span class='ocrx_word' id='word_1_248' title='bbox 364 2696 409 2736; x_wconf 93' lang='lat' dir='ltr'>in</span> <span class='ocrx_word' id='word_1_249' title='bbox 434 2709 576 2748; x_wconf 87' lang='lat' dir='ltr'>regno</span> <span class='ocrx_word' id='word_1_250' title='bbox 601 2695 767 2737; x_wconf 82' lang='lat' dir='ltr'>Scotiae</span> <span class='ocrx_word' id='word_1_251' title='bbox 790 2695 845 2737; x_wconf 92' lang='lat' dir='ltr'>ad</span> <span class='ocrx_word' id='word_1_252' title='bbox 870 2696 1233 2738; x_wconf 86' lang='lat' dir='ltr'>concludendum</span> <span class='ocrx_word' id='word_1_253' title='bbox 1255 2694 1478 2749; x_wconf 87' lang='lat' dir='ltr'>Anglicos</span> 
     </span>
    </p>
   </div>
   <div class='ocr_carea' id='block_1_5' title="bbox 479 2844 1210 2886">
    <p class='ocr_par' dir='ltr' id='par_1_5' title="bbox 479 2844 1210 2886">
     <span class='ocr_line' id='line_1_38' title="bbox 479 2844 1210 2886; baseline 0.001 -10"><span class='ocrx_word' id='word_1_254' title='bbox 479 2844 486 2862; x_wconf 91' lang='lat'><strong>¹</strong></span> <span class='ocrx_word' id='word_1_255' title='bbox 513 2847 522 2863; x_wconf 88' lang='lat'>‘</span> <span class='ocrx_word' id='word_1_256' title='bbox 537 2846 596 2886; x_wconf 82' lang='lat' dir='ltr'>ut‚’</span> <span class='ocrx_word' id='word_1_257' title='bbox 613 2846 712 2878; x_wconf 90' lang='lat' dir='ltr'><strong>MSS.</strong></span> <span class='ocrx_word' id='word_1_258' title='bbox 728 2846 817 2878; x_wconf 88' lang='lat' dir='ltr'>Coll.</span> <span class='ocrx_word' id='word_1_259' title='bbox 834 2846 929 2878; x_wconf 85' lang='lat' dir='ltr'>Arm.</span> <span class='ocrx_word' id='word_1_260' title='bbox 946 2845 1012 2877; x_wconf 87' lang='lat' dir='ltr'>and</span> <span class='ocrx_word' id='word_1_261' title='bbox 1031 2844 1119 2877; x_wconf 86' lang='lat' dir='ltr'>Cott.</span> <span class='ocrx_word' id='word_1_262' title='bbox 1135 2844 1210 2877; x_wconf 89' lang='lat' dir='ltr'>Tib.</span> 
     </span>
    </p>
   </div>
  </div>
 </body>
</html>
