2038 3306
411 438 532 464 deud
550 438 574 464 1.

410 472 446 497 A.
456 472 490 497 D.
505 472 581 497 1297.

394 527 496 553 Affairs
508 527 540 552 of

394 560 537 587 scotland.

608 313 693 356 130
1093 325 1370 357 onnomcoN

613 430 746 471 vobis
767 429 922 471 venire
948 441 1142 479 mecum,
1166 430 1387 483 eritisque
1406 429 1517 471 mihi
1550 430 1798 472 consiliarii
1819 436 1865 473 et

610 496 744 537 amici
794 495 1064 536 carissimi.”
1134 494 1342 549 Cumque
1393 496 1628 538 differrent
1674 510 1862 551 respon-

609 563 782 603 sionem
806 562 852 602 in
873 561 1139 611 crastinum,
1159 562 1318 603 eadem
1342 566 1475 603 nocte
1494 562 1693 604 latenter
1715 576 1863 605 reces-

609 633 784 678 serunt,
821 627 974 681 potius
1006 627 1228 680 eligentes
1262 627 1429 668 damna
1459 634 1864 683 quantumcunque

610 706 776 746 magna
814 694 870 735 ad
915 699 1096 747 tempus
1139 694 1381 744 sustinere,
1423 706 1560 746 quam
1599 693 1860 736 fidelitatem

610 760 708 813 regi
731 764 890 802 nostro
921 760 1090 801 factam
1115 772 1218 801 cum
1240 764 1352 800 nota
1374 758 1576 800 infamiae
1599 759 1859 812 infringere.

611 825 719 879 Ipse
759 838 867 868 vero
906 826 1116 880 aspirans
1157 825 1215 867 ad
1257 838 1464 879 regnum,
1510 825 1630 866 sicut
1679 825 1860 879 publice

608 891 859 943 dicebatur,
883 892 1127 947 adjunctus
1148 896 1219 933 est
1241 892 1299 933 ad
1330 891 1549 946 populum
1579 904 1862 945 perversum,

608 962 654 999 et
674 971 777 1000 cum
801 959 1015 1012 episcopo
1039 957 1320 1012 Glasguensi
1341 963 1388 1000 et
1408 957 1659 999 senescallo
1680 957 1864 1009 Scotiae‚

608 1025 687 1078 qui
717 1025 858 1066 totius
891 1024 999 1066 mali
1028 1024 1324 1066 fabricatores
1348 1024 1612 1073 extiterant,
1635 1023 1862 1066 confoede-

608 1095 735 1132 ratus
756 1095 841 1133 est.
911 1090 1097 1132 Extunc
1117 1103 1226 1132 vero
1247 1090 1480 1143 generatio
1510 1089 1591 1130 illa
1621 1090 1796 1143 perfida
1816 1095 1862 1132 et

606 1156 811 1198 infideles
857 1156 983 1198 Scoti
1032 1169 1191 1197 omnes
1236 1155 1457 1209 Anglicos
1498 1167 1614 1209 quos
1655 1156 1861 1197 invenire

605 1226 818 1275 poterant
860 1222 1169 1264 trucidabant.
1252 1221 1515 1274 Religiosos
1558 1221 1697 1262 etiam
1735 1222 1861 1263 viros

606 1285 831 1340 Anglicos
882 1300 911 1329 a
958 1286 1168 1328 domibus
1212 1287 1309 1328 suis
1355 1287 1403 1328 in
1450 1287 1615 1340 quibus
1665 1286 1860 1340 professi

603 1352 787 1395 fuerant
825 1353 1048 1395 violenter
1084 1357 1407 1402 extraxerunt,
1440 1366 1498 1394 ex
1532 1353 1646 1406 ipsis
1681 1358 1861 1407 specta-

603 1419 756 1460 culum
786 1419 1020 1461 facientes.
1091 1419 1206 1460 Erat
1228 1419 1346 1460 enim
1376 1419 1512 1460 ludus
1536 1431 1709 1469 eorum,
1733 1424 1778 1461 et
1802 1419 1860 1461 ad

602 1485 917 1538 spectaculum
952 1498 1056 1527 cum
1086 1485 1151 1526 eis
1173 1486 1416 1535 vacabant,
1446 1485 1505 1526 ad
1537 1490 1699 1538 pontes
1734 1498 1861 1527 nam-

604 1563 693 1604 que
717 1563 939 1605 aquarum
965 1551 1211 1592 multarum
1240 1551 1451 1593 sedentes
1485 1563 1616 1592 senes
1638 1549 1860 1604 Anglicos

603 1616 843 1669 religiosos
862 1622 908 1658 et
922 1617 1134 1659 foeminas
1156 1630 1272 1670 quos
1287 1617 1548 1671 specialiter
1562 1619 1860 1659 reservabant

603 1682 660 1723 ad
702 1682 803 1732 hoc,
847 1683 1005 1736 ligatis
1049 1684 1258 1725 manibus
1294 1684 1369 1724 vel
1407 1683 1598 1737 pedibus
1640 1696 1697 1724 ne
1741 1683 1857 1726 forte

602 1748 804 1790 natando
839 1749 1098 1799 evaderent,
1134 1750 1190 1790 ab
1224 1749 1336 1803 ipsis
1368 1749 1584 1803 pontibus
1615 1749 1689 1790 vel
1721 1750 1859 1792 salire

605 1813 677 1855 vel
714 1815 992 1868 praecipitari
1029 1815 1275 1865 faciebant,
1310 1815 1357 1856 in
1391 1816 1578 1856 interitu
1617 1828 1772 1856 eorum
1811 1821 1858 1858 et

603 1880 912 1922 submersione
941 1881 1167 1922 laetantes.
1238 1881 1369 1923 Inter
1398 1894 1512 1935 quos
1541 1881 1727 1922 adducti
1750 1888 1858 1924 sunt

601 1945 693 1987 duo
716 1947 925 1988 canonici
946 1947 1003 1988 de
1033 1947 1168 1989 domo
1191 1947 1350 1989 Sancti
1380 1946 1579 1988 Andreae
1607 1947 1654 1988 in
1684 1946 1857 1998 Scotia,

602 2011 681 2064 qui
714 2024 817 2053 cum
848 2012 907 2054 ad
942 2017 1128 2066 pontem
1159 2012 1282 2054 villae
1310 2013 1556 2054 nominatae
1588 2012 1744 2054 Sancti
1770 2013 1800 2054 J
1804 2027 1854 2055 o-

602 2076 765 2118 hannis
821 2090 973 2120 coram
1025 2078 1106 2120 illo
1155 2078 1334 2120 latrone
1383 2079 1617 2120 Willelmo
1661 2078 1855 2133 Walays

600 2147 778 2184 starent
817 2145 952 2197 quasi
991 2147 1101 2197 ‘pro
1140 2144 1386 2185 tribunali'
1404 2143 1416 2166 ¹
1457 2149 1651 2186 mortem
1689 2157 1856 2198 expec-

598 2212 765 2259 tantes,
787 2210 941 2252 subito
971 2210 1173 2252 salvavit
1202 2223 1282 2252 eos
1313 2210 1441 2252 Deus
1470 2211 1549 2251 sic.
1619 2210 1859 2254 Venerunt

598 2275 718 2315 enim
755 2276 909 2317 nuncii
938 2289 1041 2317 cum
1071 2276 1363 2318 festinatione
1395 2276 1599 2317 maxima
1631 2289 1689 2317 ex
1723 2282 1856 2330 parte

596 2341 879 2393 quorundam
921 2347 1189 2395 magnatum
1210 2343 1338 2395 regni
1368 2342 1552 2392 Scotiae,
1591 2342 1637 2382 in
1660 2355 1855 2395 quorum

596 2406 794 2448 adventu
838 2408 1117 2461 praepeditus
1160 2407 1238 2448 ille
1282 2408 1415 2458 latro,
1457 2408 1676 2461 praecepit
1711 2413 1765 2449 ut
1808 2409 1855 2450 in

594 2472 726 2514 salva
767 2473 979 2515 custodia
1017 2478 1328 2527 ponerentur3
1379 2473 1458 2526 qui
1492 2478 1653 2526 postea
1690 2486 1719 2514 a
1749 2487 1853 2515 cus-

594 2538 777 2580 todibus
817 2539 912 2580 suis
955 2552 1037 2593 per
1071 2539 1294 2593 quosdam
1336 2539 1584 2580 amicorum
1630 2539 1854 2593 redempti

594 2609 716 2653 sunt,
741 2604 851 2646 dato
885 2605 1034 2658 pretio
1065 2610 1111 2646 et
1141 2605 1350 2658 praestito
1367 2604 1634 2659 juramento
1666 2605 1788 2658 quod
1826 2619 1855 2647 a

593 2681 734 2722 regno
766 2670 1037 2712 festinanter
1069 2671 1243 2724 egressi
1278 2683 1512 2723 nunquam
1543 2670 1657 2711 illud
1685 2670 1850 2713 iterum

591 2733 947 2786 ingrederentur.
1022 2736 1227 2790 Quorum
1266 2749 1384 2777 unus
1414 2736 1582 2777 mansit
1613 2736 1733 2789 apud
1769 2750 1852 2778 nos

955 2857 963 2877 ¹
990 2849 1140 2891 omitted
1157 2859 1192 2890 in
1208 2859 1283 2891 MS.
1300 2858 1389 2891 eott.
1405 2858 1482 2890 Tib.
