2038 3306
595 347 682 389 422
1083 356 1361 389 onuomoou

384 474 502 499 savara
523 473 578 498 ιιι.
598 463 866 505 faceremus.
961 461 1104 514 Papae
1145 461 1413 514 scripsimus
1454 462 1513 503 ad
1552 461 1686 503 finem
1729 460 1850 514 quod

390 506 568 556 Quum.
599 529 800 570 decimas
840 526 1010 581 petitas
1044 525 1280 580 possidere
1316 526 1541 575 valeatis3
1584 528 1772 581 insuper
1805 531 1852 568 et

382 580 477 644 Ῐιῖῗιὶἷῗῖ,
489 578 584 650 ‘gt-to
601 607 685 649 pro
728 593 893 635 comite
943 592 1179 643 Marcffiae,
1220 597 1359 647 prout
1409 592 1578 634 fuimus
1629 593 1852 647 requisiti,

385 644 567 704 ffssfioflssffl
602 660 748 702 eidem
791 671 895 700 cum
932 658 1172 700 affectione
1219 659 1416 700 scribere
1453 657 1718 700 curavimus
1760 671 1852 700 non

602 726 725 768 exili.
769 725 943 766 Datum
968 724 1091 779 apud
1112 724 1338 779 hospitale
1361 724 1418 766 de
1438 728 1451 747 ‘
1469 723 1642 778 Mesy'¹
1668 734 1757 765 xx.
1779 724 1853 766 die

603 792 633 834 J
636 791 746 832 unii.
818 790 994 832 Nostro
1035 790 1270 832 carissimo
1316 802 1372 831 ac
1413 789 1709 832 dilectissimo
1750 801 1855 831 con-

602 856 856 911 sanguineo
878 856 976 910 regi
1009 853 1222 899 Scotiae.'’
1291 855 1421 897 Idem
1450 868 1560 898 vero
1595 855 1855 909 Philippus,

602 928 845 977 postquam
868 934 949 964 rex
982 921 1166 976 Angliae
1203 921 1325 976 apud
1358 926 1540 976 portum
1575 921 1632 962 de
1662 921 1858 975 Hogges

601 994 769 1032 terram
832 988 1042 1042 arripuit,
1093 987 1311 1042 praedicto
1368 987 1519 1031 David
1570 987 1668 1029 sine
1730 998 1859 1029 mora

604 1055 783 1096 literam
811 1053 858 1094 in
880 1053 1063 1096 Gallico
1089 1053 1258 1096 direxit
1288 1053 1374 1095 sub
1394 1053 1481 1095 hac
1501 1053 1662 1095 forma.

387 1139 482 1164 Later
493 1139 524 1163 οι
662 1124 691 1143 “
704 1119 950 1162 carissime
964 1132 1018 1162 ac
1030 1119 1322 1161 dilectissime
1336 1119 1689 1172 consanguinee,
1701 1128 1859 1160 verum

389 1171 588 1236 ιῖῗῖἶζριζὲῑὲῗ
605 1190 676 1227 est
715 1185 839 1239 quod
873 1197 957 1225 rex
991 1183 1176 1237 Angliae
1223 1184 1282 1225 ad
1332 1189 1489 1237 partes
1537 1183 1668 1236 regni
1715 1183 1860 1225 nostri

388 1237 538 1268 exhorting

389 1270 492 1295 mmm
606 1263 763 1292 versus
806 1248 1208 1292 Constanciensem
1254 1250 1355 1304 jam
1386 1249 1608 1303 applicuit
1643 1253 1690 1291 et
1719 1248 1862 1304 juxta

390 1303 529 1367 ἰιὲιῖὧῖἶᾱ,
604 1316 839 1370 navigium
895 1327 1030 1357 suum
1081 1327 1257 1357 moram
1322 1315 1492 1364 trahit;
1548 1315 1859 1369 remansitque

389 1369 456 1401 ’ὼ
468 1370 511 1395 ²²⁶
604 1383 755 1436 patria
775 1381 961 1434 Angliae
983 1393 1132 1423 vacua
1157 1381 1368 1435 praesidio
1401 1386 1448 1423 et
1473 1381 1727 1431 immunita,
1751 1392 1857 1422 nam

606 1448 754 1503 major
788 1460 895 1502 pars
935 1447 1163 1489 exercitus
1195 1448 1267 1488 sui
1304 1460 1407 1489 cum
1447 1448 1549 1501 ipso
1591 1452 1678 1496 est,
1714 1447 1860 1489 altera

607 1527 713 1568 pars
734 1514 780 1555 in
802 1513 1053 1562 Vasconia,
1078 1517 1125 1555 et
1143 1513 1290 1555 altera
1319 1513 1367 1554 in
1397 1514 1604 1568 partibus
1628 1512 1858 1554 Flandrioe

606 1585 654 1622 et
678 1579 931 1621 Britanniae
965 1579 1113 1621 divisa
1147 1583 1246 1631 est3
1278 1579 1447 1622 idcirco
1471 1580 1590 1621 enim
1617 1580 1665 1621 in
1686 1577 1860 1632 Anglia

606 1646 793 1687 fortium
836 1645 970 1698 copia
1011 1650 1057 1687 et
1095 1649 1374 1686 armatorum
1416 1658 1516 1686 esse
1550 1658 1641 1687 non
1678 1649 1857 1698 potest:

608 1712 875 1764 cunctisque
907 1710 1089 1752 videtur
1119 1711 1240 1764 quod
1273 1711 1318 1753 in
1355 1716 1453 1752 tota
1487 1707 1635 1765 patria
1660 1709 1859 1764 Angliae,

608 1777 648 1818 si
674 1777 956 1828 diligentiam
978 1781 1177 1818 vestram
1210 1782 1257 1818 et
1277 1789 1433 1818 curam
1454 1789 1683 1831 apponere
1702 1776 1859 1827 vultis,

608 1843 862 1884 maximum
892 1843 979 1884 sibi
1009 1842 1223 1884 damnum
1252 1842 1420 1884 inferre
1453 1842 1662 1896 potestis.
1732 1842 1859 1894 Quo-

609 1909 732 1950 circa
768 1908 972 1949 nonnulli
1011 1908 1056 1948 in
1098 1909 1366 1949 immensum
1402 1908 1618 1950 admirari
1655 1920 1747 1949 non
1784 1908 1862 1950 de-

609 1975 765 2015 sinunt
810 1973 932 2027 quod
978 1973 1110 2014 aliter
1149 1974 1235 2015 sibi
1265 1972 1480 2015 damnum
1511 1973 1711 2016 nondum
1740 1974 1861 2016 intu-

612 2040 730 2081 listis
787 2052 869 2081 nec
921 2039 1115 2091 infertis,
1151 2052 1255 2081 nam
1303 2040 1452 2094 magis
1503 2040 1859 2082 emolumentum

611 2118 750 2159 quam
789 2105 836 2146 in
877 2106 1095 2158 praesenti
1134 2105 1379 2160 possidetis
1419 2119 1651 2160 nunquam
1693 2106 1861 2148 habere

611 2171 816 2225 potestis.
887 2171 1147 2213 Exoramus
1184 2172 1343 2225 itaque
1381 2185 1463 2214 vos
1500 2177 1546 2214 et
1587 2172 1860 2226 requirimus

612 2250 750 2292 super
781 2237 1023 2279 dilectione
1055 2242 1102 2279 et
1142 2237 1382 2291 alligantia
1419 2238 1588 2280 habitis
1621 2237 1740 2279 inter
1776 2250 1860 2280 nos

612 2304 829 2356 quatinus
879 2303 1055 2345 meliori
1091 2303 1227 2345 modo
1273 2309 1319 2345 et
1354 2304 1532 2346 fortiori
1572 2317 1663 2358 quo
1695 2302 1860 2346 valetis

611 2370 700 2422 ipsi
741 2382 795 2411 ac
838 2370 923 2411 toti
963 2369 1126 2423 patriae
1169 2382 1266 2411 suae
1289 2369 1473 2423 Angliae
1503 2370 1718 2411 damnum
1748 2370 1861 2411 infe-

612 2436 738 2476 rendi
767 2448 871 2477 cum
901 2440 1082 2489 tempus
1106 2435 1205 2490 Jam
1234 2436 1433 2478 arrideat
1452 2440 1499 2478 et
1521 2442 1756 2489 punctum,
1781 2449 1864 2478 vos

612 2501 821 2543 ordinare
874 2502 1044 2543 curetis
1089 2506 1134 2543 et
1189 2514 1390 2544 amorem
1448 2502 1864 2556 promissionesque

611 2580 728 2621 quos
759 2580 899 2621 penes
930 2580 1012 2609 nos
1043 2567 1222 2609 habetis
1251 2568 1308 2609 de
1337 2568 1472 2610 corde
1502 2573 1550 2609 et
1578 2580 1715 2621 opere
1734 2568 1864 2609 nobis

612 2633 878 2676 ostendatis.
949 2633 1009 2675 Et
1056 2634 1172 2675 scire
1220 2646 1302 2675 vos
1351 2633 1541 2675 facimus
1589 2633 1709 2687 quod
1742 2634 1781 2674 si
1819 2634 1865 2674 in

612 2698 828 2752 Angliam
860 2711 992 2741 suum
1022 2704 1272 2741 maturaret
1313 2712 1586 2753 regressum,
1625 2698 1863 2741 confestim

939 2850 945 2868 ¹
970 2853 980 2869 ‘
995 2852 1121 2892 Mysy‚’
1139 2853 1213 2884 MS.
1229 2853 1316 2885 Cott.
1335 2853 1426 2884 Nero
1442 2852 1488 2885 D.
1505 2854 1541 2885 ii.
