2038 3306
482 342 707 401 yumnm
739 345 801 374 DE
834 345 1208 378 HEMINGBURGH.
1376 335 1464 377 405

200 446 279 500 qui
343 459 500 490 curam
567 454 614 491 et
689 450 891 503 regimen
961 455 1150 505 possent
1216 449 1461 492 salubriter
1478 461 1599 487 navam
1617 462 1664 488 111

197 525 433 567 peragere,
468 519 515 556 et
548 515 699 557 forent
731 530 815 570 pro
847 518 1018 559 nostris
1050 522 1096 558 et
1131 516 1326 571 publicis
1349 529 1458 557 con-

198 578 313 619 siliis
356 581 620 635 opportuni,
651 582 853 624 studium
883 583 1098 624 deserunt
1127 587 1316 637 propter
1351 595 1457 635 pro-

1489 497 1523 522 A.
1537 495 1570 520 D.
1588 496 1665 521 1343.

1475 549 1535 575 The
1548 550 1648 582 King'n
1671 538 1674 539 ⁷

1473 583 1557 608 letter
1569 587 1598 608 to
1609 584 1659 608 the

1476 616 1550 648 Pope
1565 616 1675 647 against

198 645 414 687 motionis
465 660 681 700 congruae
723 661 848 703 spem
896 649 1114 699 ablatam,
1152 661 1256 703 quae
1290 648 1458 690 divinae
1476 649 1630 675 ¹³¹&in-

198 711 368 753 scimus
405 726 495 754 non
534 726 634 755 esse
668 713 841 767 placita
877 714 1119 757 voluntati.
1190 713 1456 766 Quinimmo

198 789 340 829 grave
376 784 584 821 nostrum
627 785 673 822 et
710 780 910 822 fidelium
951 785 1212 823 nostrorum
1245 785 1456 822 versatur

196 843 243 883 in
306 844 625 899 praejudicium
692 851 738 887 et
806 846 1125 889 inaestimabile
1186 846 1456 900 periculum,

194 909 283 950 nisi
326 922 466 963 super
505 911 592 952 hoe
633 911 770 953 citius
814 917 862 954 et
902 912 1157 954 consultius
1192 924 1454 954 caveamus.

199 974 322 1015 Nam
349 976 430 1030 jus
462 981 752 1030 patronatus,
777 978 900 1032 quod
933 991 1017 1020 nos
1050 982 1098 1020 et
1127 977 1286 1019 fideles
1309 978 1455 1019 nostri

195 1040 243 1081 in
311 1041 480 1083 talibus
550 1043 809 1084 obtinemus
872 1044 1120 1094 beneficiis,
1175 1047 1452 1094 enervatum

196 1108 338 1157 curia,
375 1113 548 1158 nostra,
597 1109 645 1150 in
692 1122 786 1164 qua
834 1110 1066 1152 duntaxat
1115 1122 1268 1151 causae
1318 1122 1458 1163 super

190 1172 298 1227 jure
331 1179 602 1228 patronatus
641 1175 867 1217 dictorum
902 1176 1225 1218 beneficiorum
1267 1177 1456 1217 tractari

196 1239 379 1291 debent,
419 1241 674 1289 deluditur;
724 1247 770 1284 et
807 1242 873 1283 sic
918 1242 1029 1297 jura
1066 1254 1247 1284 coronae
1285 1246 1454 1283 nostrae

197 1311 291 1347 tam
345 1308 564 1361 probrose
610 1320 749 1362 quam
795 1308 1014 1350 damnose
1077 1308 1344 1362 depereunt,
1407 1312 1454 1349 et

195 1373 324 1425 regni
383 1373 627 1415 thesaurus
690 1375 748 1415 ad
809 1379 1069 1424 extraneOS,
1135 1387 1192 1415 ne
1248 1374 1454 1416 dicamus

196 1443 378 1480 nostros
426 1440 684 1490 malivolos,
737 1445 1017 1494 asportatur,
1053 1440 1211 1482 subtili
1260 1440 1454 1482 forsitan

154 1511 158 1514 ’
195 1505 476 1559 conjectura,
528 1514 575 1548 et
626 1507 755 1560 regni
813 1507 1030 1560 depresso
1086 1506 1359 1556 sacerdotio,
1406 1512 1454 1548 et

194 1571 378 1625 ‘ejus'¹
428 1572 656 1614 exhausto
711 1572 942 1622 thesauro,
1001 1572 1206 1614 redditur
1261 1585 1452 1625 regnum

195 1636 342 1678 debile
377 1639 422 1679 in
460 1638 679 1688 adversis,
704 1651 808 1692 quae
846 1638 1029 1691 singula
1064 1643 1111 1680 et
1146 1639 1239 1680 alia
1271 1652 1374 1692 quae
1393 1652 1452 1680 ex

195 1704 443 1755 praemissis
474 1709 728 1758 sequuntur
756 1704 1058 1755 incommoda,
1082 1704 1268 1746 fuerunt
1297 1717 1452 1745 coram

193 1770 324 1811 nobis
358 1771 404 1810 in
437 1770 740 1824 parliamento
778 1775 935 1812 nostro
969 1770 1174 1824 generali
1205 1783 1288 1824 per
1327 1783 1452 1812 com-

192 1837 462 1878 munitatem
497 1836 609 1879 dicti
645 1837 776 1890 regni
806 1837 959 1891 palam
990 1836 1216 1890 exposita,
1248 1836 1454 1878 unanimi

194 1906 241 1944 et
286 1902 482 1944 ferventi
533 1902 756 1956 petitione
810 1903 1075 1958 subjuncta,
1115 1907 1168 1944 ut
1218 1902 1452 1956 praedictis

194 1967 444 2023 dispendiis
474 1981 578 2023 quae
609 1968 841 2022 praedictae
885 1968 1200 2010 communitati
1237 1967 1453 2010 videntur

195 2034 514 2084 intolerabilia,
539 2034 746 2075 celeriter
773 2046 1081 2076 occurramus.
1155 2033 1256 2075 Nos
1294 2039 1449 2076 autem

196 2100 469 2154 Anglicanae
515 2100 853 2154 depressionem
904 2099 1110 2142 ecclesiae
1145 2104 1192 2141 et
1241 2099 1449 2141 exhaere-

193 2166 424 2208 dationem
457 2179 636 2208 coronae
672 2167 827 2219 regiae,
851 2179 905 2208 ac
946 2166 1066 2207 mala
1099 2166 1320 2220 praedicta
1348 2179 1451 2220 quae

194 2233 484 2275 dissimulata
518 2232 692 2274 diutius
724 2232 977 2288 adjicerent
1007 2231 1312 2274 verisimiliter
1341 2244 1447 2285 gra-

192 2300 338 2347 viora,
372 2299 532 2353 patulo
572 2304 809 2340 cernentes
851 2299 1038 2348 intuitu,
1069 2298 1127 2339 ad
1157 2310 1240 2339 vos
1269 2310 1450 2339 succes-

192 2379 340 2407 sorem
373 2364 687 2420 apostolorum
719 2365 952 2419 principis,
974 2364 1053 2418 qui
1082 2364 1140 2405 ad
1171 2364 1450 2417 pascendum

192 2446 281 2474 non
318 2432 376 2473 ad
414 2431 694 2474 tondendum
727 2443 836 2473 oves
862 2430 1143 2480 Dominicas,
1165 2443 1219 2471 ac
1251 2429 1310 2471 ad
1338 2443 1449 2472 con-

192 2498 440 2540 firmandos
499 2511 587 2539 non
644 2497 702 2539 ad
754 2496 1073 2551 deprimendos
1122 2495 1288 2538 fratres
1339 2509 1450 2538 suos

150 2564 152 2566 ’
191 2564 458 2607 mandatum
505 2577 534 2605 a
583 2563 769 2605 Christo
810 2563 1027 2617 suscepit,
1068 2562 1159 2604 ista
1199 2561 1448 2603 deferimus

189 2631 358 2673 votivis
406 2630 645 2672 affectibus
698 2630 1023 2684 supplicantes,
1059 2628 1276 2682 quatinus
1329 2641 1448 2682 prae-

189 2697 341 2738 missis
393 2697 543 2738 debite
588 2696 873 2750 ponderatis,
909 2708 963 2736 ac
998 2694 1288 2736 considerato
1327 2694 1448 2748 quod

557 2846 565 2864 ¹
592 2847 602 2865 ‘
617 2844 753 2888 aerarii,’
771 2846 847 2878 MS.
866 2845 951 2877 Coll.
971 2845 1090 2886 Magd.
