2038 3306
501 310 727 343 WAL'rssm
761 311 822 341 DE
852 311 1226 344 REMINGBURGH.
1394 301 1484 344 395

221 415 430 465 ecclesia,
469 414 526 456 de
564 420 835 457 cunctorum
873 415 1075 456 fidelium
1113 428 1224 457 cura
1266 415 1481 467 sollicita,
1498 427 1617 454 novara
1637 429 1694 454 ιιι.

221 483 343 523 circa
363 482 618 522 animarum
640 482 834 523 salutem
857 482 1016 523 sedulo
1036 481 1202 535 vigilat
1222 488 1268 524 et
1288 483 1481 524 intendit
1498 462 1698 549 Btffl'ssm'o

222 561 276 589 ac
304 548 548 589 salubriter
579 548 736 589 obviat
773 547 987 602 periculis
1022 548 1277 589 animarum
1295 564 1297 566 ·
1316 561 1480 590 eomm-
1497 551 1626 575 clement

1497 584 1634 614 revoking
1645 590 1662 607 a

222 615 342 664 dem,
385 619 432 656 et
483 627 622 668 super
675 613 760 654 hiis
812 626 872 654 ex
913 614 1080 667 quibus
1125 614 1227 667 ipsa
1281 614 1480 668 pericula
1497 616 1554 641 ”1¹¹¹
1567 617 1651 641 ⁰s¹¹¹⁸

1496 650 1685 681 predecessor,

223 681 445 734 prospicit
483 680 739 734 provenire,
773 680 1046 733 opportunis
1074 680 1284 721 remediis
1325 681 1481 722 studet
1497 682 1634 741 {Tg-‘¹¹¹⁶‘

224 747 473 788 salubriter
503 751 551 787 et
582 746 757 788 utiliter
790 746 1060 798 praevenire.
1122 746 1311 788 Dudum
1338 747 1482 800 siqui-

225 814 328 854 dem
361 813 506 854 felicis
536 812 865 853 recordationis
897 811 1176 853 Benedictus
1208 825 1330 866 papa
1353 813 1482 856 XII.

225 879 535 932 praedecessor
573 883 745 927 noster,
786 890 869 930 pro
910 883 1036 919 statu
1073 883 1121 919 et
1160 879 1485 920 reformatione

226 945 460 997 religionis
483 943 734 996 Nigrorum
771 943 1123 993 Monachorum,
1150 945 1368 986 nonnulla
1387 952 1485 986 sta·-

225 1015 328 1052 tuta
342 1016 388 1052 et
407 1010 714 1051 ordinationes
729 1009 888 1059 edidit,
904 1022 1008 1063 quae
1029 1010 1264 1052 mandavit
1279 1017 1326 1052 et
1339 1011 1486 1052 voluit

225 1076 273 1117 in
303 1077 463 1118 eadem
497 1075 716 1128 religione
746 1076 979 1129 perpetuis
1007 1076 1176 1117 futuris
1204 1077 1485 1130 temporibus

226 1143 478 1191 observari,
508 1142 557 1182 in
578 1147 946 1194 transgressores
971 1155 1128 1184 eorum
1151 1142 1358 1185 diversas
1381 1157 1485 1185 sen-

227 1210 394 1251 tentias
424 1209 668 1262 variasque
703 1220 867 1261 poenas
898 1209 1164 1262 spirituales
1193 1209 1486 1252 nihilominus

227 1274 578 1328 promulgando.
620 1274 795 1316 Verum
810 1275 934 1327 quia,
950 1276 1071 1316 sicut
1092 1279 1103 1297 ‘
1120 1275 1354 1317 habetur'¹
1369 1276 1486 1317 mul-

228 1346 379 1382 torum
394 1340 687 1395 praelatorum
706 1347 751 1382 et
765 1341 958 1382 aliorum
974 1341 1282 1395 professorum
1298 1342 1486 1396 fidedig·

226 1420 388 1448 norum
421 1414 468 1448 et
494 1407 741 1461 proborum
772 1407 973 1448 virorum
997 1408 1233 1461 religionis
1264 1408 1487 1462 ejusdem,

229 1473 474 1515 zelantium
495 1478 668 1515 statum
693 1472 793 1527 ejus
814 1485 1084 1527 prosperum
1105 1479 1152 1515 et
1174 1474 1487 1528 tranquillum,

229 1540 457 1593 expositio
487 1539 612 1581 facta
644 1539 791 1588 nobis,
814 1544 861 1580 et
884 1540 1171 1593 experientia
1193 1540 1304 1582 facti
1338 1541 1487 1591 docet,

229 1605 492 1660 hujusmodi
511 1618 661 1658 poenae
683 1609 729 1645 et
748 1607 988 1647 sententiae
1006 1607 1274 1660 periculosae
1295 1607 1484 1648 nimium

228 1671 326 1713 sore
359 1671 692 1724 dignoscuntur
724 1676 772 1711 et
811 1670 1075 1725 frequenter
1115 1678 1377 1726 praeparant
1418 1673 1485 1714 la-

227 1751 394 1791 queum
433 1737 700 1778 animabus:
738 1749 841 1778 cum
876 1737 1007 1779 multi
1041 1739 1222 1792 praelati
1253 1743 1301 1780 et
1326 1751 1484 1780 eorum

226 1803 399 1845 subditi
446 1804 679 1856 religionis
731 1803 936 1857 ejusdem
980 1810 1248 1846 asserantur
1298 1817 1484 1846 excom-

227 1871 605 1919 municationum,
652 1870 1004 1922 suspensionum
1048 1875 1095 1911 et
1138 1871 1483 1912 interdictorum

228 1936 495 1985 sententias,
518 1948 696 1976 necnon
727 1935 1065 1977 inhabilitatum
1097 1941 1142 1977 et
1169 1936 1484 1990 irregularita-

231 2009 328 2043 tum
370 2001 590 2051 maculas,
634 2001 840 2054 aliasque
884 2014 1062 2054 poenas,
1105 2008 1293 2056 propter
1337 2008 1487 2044 trans·

229 2069 510 2121 gres-sionem
551 2072 829 2109 statutorum
868 2073 914 2109 et
953 2068 1289 2109 ordinationum
1325 2068 1487 2123 hujus·

230 2135 354 2175 modi
389 2133 661 2185 incurrisse3
708 2133 916 2187 praedicti
958 2139 1005 2175 et
1045 2134 1249 2175 nonnulli
1297 2135 1489 2176 abbates

229 2205 276 2241 et
296 2200 589 2253 quamplures
611 2199 689 2241 alii
708 2199 913 2254 ejusdem
937 2200 1170 2253 religionis
1190 2200 1489 2254 professores,

230 2267 278 2307 in
330 2271 490 2307 nostra
539 2266 786 2319 praesentia
836 2266 1140 2319 personaliter
1198 2273 1386 2320 propter
1433 2279 1491 2308 ea

230 2332 480 2381 constituti,
507 2332 637 2373 nobis
660 2332 890 2373 humiliter
920 2332 1240 2386 supplicarunt
1261 2338 1312 2374 ut
1336 2345 1421 2374 suo
1442 2338 1490 2374 et

229 2398 422 2440 aliarum
463 2410 762 2451 personarum
802 2397 1038 2451 religionis
1080 2398 1287 2452 ejusdem
1331 2399 1490 2449 statui,

228 2471 275 2506 et
309 2464 564 2505 animarum
601 2463 741 2504 saluti
771 2463 818 2504 in
856 2463 943 2504 bac
983 2470 1113 2517 parte
1140 2464 1197 2506 de
1229 2469 1490 2518 opportuno

230 2530 470 2584 providere
519 2530 721 2571 remedio
779 2529 1088 2582 dignaremur.
1178 2530 1283 2588 Nos
1331 2530 1491 2583 igitur,

230 2609 529 2650 personarum
571 2595 706 2636 dictae
756 2595 1009 2648 religionis,
1050 2596 1183 2651 cujus
1225 2597 1363 2638 etiam
1405 2609 1492 2638 nos

232 2662 405 2703 alumni
465 2668 512 2703 et
570 2661 854 2715 professores
922 2662 1181 2713 existimus,
1235 2663 1493 2704 animarum

664 2810 672 2829 ¹
698 2811 754 2843 Sic
771 2812 895 2843 MSSst
911 2813 921 2830 ‘
935 2812 1060 2845 habet!
