2038 3306
535 296 623 339 272
1024 307 1299 339 cnRochN

334 420 508 480 {qssff‘fsiil
537 411 779 453 arduorum
822 410 965 452 totius
1003 411 1151 464 regni,
1185 413 1306 454 sicut
1343 412 1480 454 homo
1515 411 1797 464 imaginosus

322 508 439 540 „mm
451 508 481 534 „f
536 483 584 519 et
621 476 931 526 cautissimus,
967 477 1147 518 nomine
1178 477 1414 519 Walterus
1445 478 1502 519 de
1539 478 1794 530 Langeton.

324 541 400 566 ''¹⁰‘’
538 543 759 595 Misitque
779 555 882 583 eum
905 542 964 583 ad
994 555 1148 596 regem
1170 548 1347 596 patrem
1367 556 1500 584 suum
1531 556 1614 597 pro
1637 543 1795 584 eodem

321 574 473 600 Gnveston.

537 608 750 662 negotio:
801 612 848 649 et
887 607 1006 649 dixit
1045 608 1159 660 regi,
1202 608 1449 650 “Domine
1493 609 1555 649 mi
1596 621 1695 658 rex,
1736 621 1796 649 ex

537 678 668 728 parte
709 673 879 714 domini
926 673 1015 714 mei
1055 673 1226 715 domini
1269 674 1489 727 principis
1534 673 1614 714 filii
1655 674 1797 714 vestri

538 740 721 789 missus,
748 738 856 780 licet
895 738 1085 789 invitus,
1127 738 1242 781 vivit
1275 738 1520 786 Dominus,
1561 742 1614 779 ut
1652 738 1797 791 ipsius

538 806 719 846 nomine
749 810 903 858 petam
933 817 961 845 a
990 805 1121 846 vobis
1152 804 1271 859 quod
1305 804 1618 846 baehalarium
1648 816 1798 853 suum,

538 871 769 912 dominum
787 869 975 911 Petrum
994 870 1050 912 de
1067 871 1337 920 Caberston,
1353 870 1501 924 possit
1513 882 1798 923 promovere,

538 936 595 978 de
632 936 816 978 licentia
856 941 1026 986 vestra,
1065 937 1122 978 ad
1164 936 1431 978 comitatum
1473 936 1529 976 de
1566 934 1799 989 Pontyff.'’

540 1002 600 1043 Et
615 1002 762 1044 iratus
784 1014 866 1042 rex
889 1005 903 1023 ‘
917 1002 1067 1052 nimis,
1087 1003 1152 1044 ait
1167 1002 1200 1044 ε’
1216 1001 1229 1024 ¹
1262 1006 1292 1024 “
1308 1001 1424 1053 Quis
1443 1015 1492 1042 es
1509 1007 1575 1051 tu,
1593 1000 1670 1054 qui
1687 1001 1799 1042 talia

538 1067 681 1109 audes
699 1066 937 1121 postulare
953 1069 972 1108 ’ἒ
1020 1067 1152 1109 Vivit
1170 1067 1394 1109 Dominus
1416 1067 1505 1108 nisi
1521 1071 1642 1107 esset
1663 1066 1799 1107 timor

540 1133 740 1183 Domini,
768 1138 814 1174 et
846 1133 966 1186 quod
1004 1134 1063 1174 ab
1098 1134 1228 1174 initio
1261 1133 1435 1181 dixisti,
1468 1132 1587 1185 quod
1624 1132 1797 1172 invitus

537 1198 778 1251 suscepisti
813 1198 1067 1251 negotium,
1095 1212 1187 1239 non
1215 1198 1433 1239 evaderes
1461 1209 1625 1238 manus
1655 1209 1796 1238 meas.

539 1263 677 1305 Nunc
701 1267 854 1305 autem
882 1263 1063 1314 videbo,
1088 1263 1198 1317 quid
1229 1264 1433 1305 dicturus
1466 1263 1552 1304 erit
1573 1262 1651 1316 qui
1675 1262 1798 1303 misit

538 1333 599 1378 te,
621 1333 667 1370 et
699 1341 790 1371 non
823 1329 1059 1371 recedas.''
1131 1329 1236 1380 Quo
1262 1334 1440 1378 vocato,
1465 1328 1583 1369 dixit
1611 1328 1652 1369 ei
1685 1341 1797 1377 rex;

541 1393 712 1445 “Quid
759 1395 931 1447 negotii
972 1394 1138 1436 misisti
1186 1408 1268 1449 per
1309 1394 1538 1436 hominem
1588 1394 1799 1435 istum‘?”

539 1459 634 1510 Qui
648 1460 730 1510 ait,
749 1463 779 1482 “
796 1460 862 1502 Ut
880 1473 984 1502 cum
1002 1473 1115 1514 pace
1129 1466 1283 1502 vestra
1295 1460 1404 1502 dare
1418 1472 1597 1514 possem
1612 1459 1798 1500 domino

542 1525 683 1566 Petro
707 1525 763 1567 de
788 1525 1041 1567 Caberston
1066 1527 1330 1568 comitatum
1356 1526 1412 1568 de
1433 1524 1667 1580 Pontyff,’'
1738 1525 1798 1566 Et

540 1591 607 1632 ait
636 1604 735 1641 reX,
766 1591 902 1632 “Fili
938 1592 1203 1642 meretricis,
1236 1592 1354 1633 male
1384 1596 1616 1644 generate,
1646 1591 1716 1631 vis
1747 1596 1797 1636 tu

540 1656 676 1697 modo
713 1661 860 1698 terras
901 1657 1010 1698 dare
1049 1658 1126 1711 qui
1169 1670 1399 1710 nunquam
1439 1657 1618 1709 aliquas
1655 1656 1797 1708 impe-

542 1721 708 1763 trasti?
779 1721 911 1764 Vivit
934 1722 1178 1771 Dominus,
1201 1723 1290 1763 nisi
1322 1727 1444 1764 esset
1464 1723 1599 1764 timor
1626 1721 1798 1774 disper-

542 1786 682 1828 sionis
703 1787 847 1840 regni,
869 1800 1100 1841 nunquam
1130 1788 1354 1840 gauderes
1376 1787 1646 1829 haereditate
1671 1787 1797 1828 tua.''

544 1852 604 1894 Et
625 1852 920 1905 apprehensis
936 1853 1115 1906 capillis
1136 1858 1332 1906 utraque
1353 1866 1508 1903 manu,
1529 1852 1799 1894 dilaceravit

543 1930 622 1958 eos
637 1917 685 1958 in
705 1923 929 1971 quantum
950 1919 1116 1972 potuit,
1139 1923 1184 1960 et
1197 1920 1243 1959 in
1259 1918 1347 1959 fine
1362 1918 1513 1959 lassus
1528 1918 1664 1973 ejecit
1678 1923 1796 1959 eum.

543 1982 816 2036 Statimque,
846 1984 1022 2025 voeatis
1054 1984 1318 2036 proceribus
1355 1985 1466 2034 suis,
1494 1984 1572 2038 qui
1607 1996 1711 2025 cum
1745 1997 1801 2025 eo

543 2053 675 2090 erant
696 2048 743 2090 in
770 2061 937 2101 guerra
968 2061 1052 2090 sua
1084 2062 1244 2091 versus
1275 2049 1494 2100 Scotiam,
1515 2054 1576 2099 et,
1593 2062 1800 2090 *commu-

324 2126 470 2183 uelndba-
543 2113 696 2155 nicato
733 2126 838 2155 cum
874 2115 941 2155 eis
984 2115 1190 2164 consilio,
1231 2115 1339 2156 fecit
1379 2116 1527 2168 ipsum
1569 2115 1797 2156 dominum

324 2160 482 2217 ἓῗῷἶιαυῗ.
545 2179 733 2220 Petrum
764 2179 820 2221 de
849 2179 1111 2222 Gaverston
1135 2180 1308 2234 jurare,
1331 2181 1452 2234 quod
1483 2180 1584 2234 ipso
1617 2181 1800 2221 vivente

543 2256 691 2298 neque
725 2250 906 2287 mortuo
929 2259 1161 2299 nunquam
1194 2259 1222 2287 a
1252 2246 1345 2287 filio
1379 2260 1463 2288 suo
1500 2251 1645 2287 terras
1678 2245 1799 2286 acci-

543 2315 687 2363 peret,
709 2315 755 2352 et
781 2311 902 2364 quod
931 2311 1140 2352 exularet
1167 2324 1195 2352 a
1224 2325 1364 2364 regno
1386 2311 1569 2364 Angliae
1589 2324 1674 2352 suo
1694 2324 1798 2364 per·

543 2381 697 2428 petuo,
728 2381 899 2418 certum
932 2377 1051 2418 diem
1080 2377 1253 2418 habens
1289 2382 1342 2419 ut
1373 2378 1521 2419 exiret
1546 2378 1631 2418 sub
1661 2389 1800 2430 poena

543 2441 706 2494 capitis
724 2455 735 2493 ;
761 2443 839 2495 qui
856 2443 920 2483 sic
935 2443 1000 2483 ita
1020 2443 1143 2484 fecit.
1178 2443 1399 2496 Fecitque
1415 2455 1495 2483 rex
1510 2443 1652 2483 filium
1666 2454 1797 2483 suum

326 2519 457 2561 nemum
473 2522 505 2550 ny
538 2506 695 2560 jurare
726 2508 847 2561 quod
883 2520 1114 2560 nunquam
1150 2508 1190 2548 ei
1221 2512 1366 2548 terras
1404 2508 1548 2549 daret.
1610 2507 1802 2548 Mortuo

325 2552 441 2577 huma
456 2552 506 2582 η’
543 2576 693 2613 autem
717 2586 839 2625 rege,
861 2578 906 2614 et
933 2573 1132 2614 nondum
1163 2572 1310 2614 adhuc
1333 2573 1528 2626 sepulto,
1550 2572 1675 2613 misit
1701 2573 1801 2625 ipse

544 2636 662 2678 filius
710 2651 855 2679 novus
898 2651 979 2679 rex
1024 2638 1195 2679 celeres
1235 2639 1438 2685 nuncios,
1478 2644 1524 2679 et
1563 2639 1799 2678 revocavit

815 2784 822 2801 ¹
847 2788 856 2803 ‘
868 2786 966 2816 minis
982 2785 1053 2825 ait,'
1070 2786 1143 2817 MS.
1162 2785 1203 2818 C.
1219 2785 1260 2818 C.
1278 2786 1318 2818 C.
1335 2786 1432 2817 (tant.
1451 2789 1522 2818 100.
