2038 3306
505 290 594 332 256
1001 299 1279 332 canomcoN

310 415 437 474 {⁶3⁸¹ss
439 415 474 474 ⁰17.
508 403 662 455 babet,
686 404 795 459 quia
816 404 863 446 in
880 417 934 447 eo
952 404 1063 447 fides
1083 406 1268 455 titubat,
1282 405 1471 447 tristitia
1490 404 1769 452 dominatur,

295 467 455 532 Do'ffi'mm
473 466 481 474 ’
509 474 521 493 ‘
536 484 639 512 cum
660 466 825 525 quod'¹
850 470 1118 524 inquirendo
1138 472 1374 526 appetitur
1395 471 1579 512 minime
1609 471 1766 511 inven-

294 539 491 604 {fisstssssffirff-‘h
508 537 615 577 itur.
686 535 802 588 Quis
827 537 947 584 enim
974 536 1130 578 credat
1156 550 1206 578 se
1230 537 1365 578 simul
1393 542 1439 578 et
1462 536 1602 578 semel
1634 549 1767 590 posse

294 605 482 664 3232&ssss-
508 602 679 643 servire
702 602 801 644 Deo
822 607 868 644 et
893 602 1188 652 Mammonae,
1220 615 1275 643 ac
1299 615 1396 644 suae
1417 602 1642 644 voluntati
1667 601 1768 655 pla-

508 681 626 718 cere,
647 681 728 709 seu
746 668 897 709 carnis
921 676 967 710 et
990 667 1227 721 sanguinis
1249 668 1602 709 revelationibus
1623 667 1767 707 inhae-

508 746 623 783 rere,
647 739 694 775 et
717 733 877 775 offerre
897 747 1087 775 munera
1113 733 1299 775 Christo
1321 733 1460 787 digna
1475 734 1495 774 ‘l
1566 732 1605 773 E
1629 732 1767 773 dubio

507 804 667 853 pastor
690 800 768 853 qui
786 812 927 853 supra
942 800 1096 853 gregis
1113 798 1457 841 aedificationem
1477 811 1567 840 non
1587 798 1767 850 vigilat,

508 865 708 918 rugienti
731 865 851 907 leoni
874 866 1097 919 quaerenti
1116 878 1252 919 quem
1268 865 1458 907 devoret
1479 865 1598 906 viam
1615 868 1766 917 parat.

509 930 642 981 Vide,
658 931 860 985 inquam,
881 931 1006 973 facta
1023 931 1245 980 inaudita,
1267 934 1281 954 ‘
1296 929 1648 984 nuncupativi’²
1670 930 1766 970 filia

508 997 655 1050 patris
690 997 774 1047 tui,
811 997 889 1051 qui
927 998 1072 1038 bonos
1115 1001 1326 1051 pastores
1367 1010 1396 1038 a
1426 996 1572 1037 caulis
1612 996 1764 1037 ovium

509 1067 709 1112 amovet,
744 1067 791 1104 et
819 1075 929 1104 suos
956 1068 1161 1116 nepotes,
1192 1062 1555 1116 consanguineos
1585 1066 1632 1103 et
1662 1074 1767 1115 par-

509 1133 654 1178 entes,
674 1128 916 1170 nonnullos
946 1128 1102 1169 literas
1133 1129 1416 1182 ignorantes,
1436 1133 1484 1169 et
1504 1127 1619 1168 alios
1641 1127 1768 1168 velut

508 1199 661 1235 mutos
696 1198 741 1234 et
776 1194 954 1243 surdos,
993 1194 1147 1234 ovium
1181 1193 1426 1235 earundem
1471 1206 1563 1234 non
1600 1192 1768 1234 intelli-

508 1264 670 1311 gentes
685 1259 905 1308 balatum,
920 1272 1003 1300 nec
1021 1259 1077 1300 de
1090 1262 1103 1281 ‘
1118 1259 1361 1300 morsibus’
1371 1258 1387 1280 ³
1403 1263 1629 1308 curantes,
1642 1258 1769 1299 velut

509 1325 813 1366 mercenarios
833 1324 1004 1366 vellera
1020 1324 1276 1366 auferentes
1290 1330 1336 1366 et
1354 1329 1578 1366 metentes
1593 1323 1767 1365 semina

509 1390 718 1439 aliorum,
741 1403 833 1431 non
856 1395 909 1431 ut
932 1390 1109 1444 prosint
1130 1390 1209 1432 sed
1233 1395 1285 1432 ut
1304 1391 1509 1444 praesint,
1528 1389 1766 1432 constituit

509 1469 592 1509 pro
634 1455 821 1505 eisdem,
860 1469 1145 1510 quorumque
1179 1469 1341 1499 manus
1371 1457 1418 1497 in
1449 1456 1642 1510 cophino
1671 1468 1766 1496 ser-

508 1522 653 1572 viunt,
689 1526 735 1563 et
769 1535 925 1563 eorum
957 1522 1094 1564 dorsa
1132 1523 1190 1563 ab
1221 1523 1435 1564 oneribus
1465 1523 1765 1563 divertuntur.

510 1587 584 1628 Ex
615 1588 780 1641 quibus
811 1588 953 1641 liquet
995 1588 1115 1641 quod
1151 1589 1456 1630 sacerdotium
1487 1588 1764 1641 pervertitur

508 1652 596 1694 hiis
629 1653 804 1703 diebus,
841 1653 1109 1707 obsequium
1140 1653 1342 1694 divinum
1388 1653 1686 1702 subtrahitur,
1717 1658 1764 1694 et

509 1718 883 1760 eleemosinarum
941 1719 1126 1772 largitio
1176 1719 1454 1769 adnullatur,
1511 1732 1592 1773 per
1643 1718 1762 1772 quod

508 1797 684 1837 regum,
715 1785 985 1838 principum,
1018 1789 1065 1826 et
1089 1784 1451 1827 Christianorum
1489 1790 1651 1826 sancta
1684 1784 1762 1825 de·

509 1850 633 1892 votio
661 1855 897 1892 vacuatur.
970 1850 1136 1892 Nonne
1159 1851 1294 1892 debet
1321 1852 1369 1892 in
1397 1851 1542 1893 oculis
1563 1850 1763 1891 omnium

509 1916 714 1959 mirabile
751 1916 968 1969 reputari,
1001 1916 1123 1969 quod
1160 1917 1237 1957 ubi
1275 1916 1486 1958 Christus
1517 1930 1600 1970 pro
1634 1929 1684 1957 se
1718 1921 1767 1957 et

510 1980 651 2023 Petro
667 1982 851 2034 regibus
863 1981 1003 2036 jussit
1015 1981 1132 2023 solvi
1146 1983 1486 2036 tributum‚ipse
1499 1995 1608 2024 vero
1625 1995 1766 2034 regna
2016 2001 2023 2046 ξ

509 2051 555 2087 et
585 2060 829 2100 regnorum
850 2047 1091 2102 principes,
1116 2052 1276 2090 contra
1296 2048 1579 2090 voluntatem
1610 2047 1764 2101 Ipsius

508 2112 639 2166 cujus
676 2126 725 2154 se
759 2113 869 2155 dicit
899 2126 1000 2154 esse
1034 2114 1270 2164 vicarium,
1300 2115 1378 2168 qui
1410 2128 1438 2156 a
1467 2127 1516 2155 se
1548 2126 1688 2166 regna
1718 2119 1765 2154 et

509 2178 665 2220 mundi
697 2179 876 2234 judicia
916 2179 1164 2230 abdicavit,
1204 2193 1301 2222 suae
1341 2181 1566 2236 subjicere
1604 2180 1765 2221 nititur

508 2244 685 2294 ditioni,
711 2245 910 2287 dominio
937 2245 1009 2286 sui
1042 2246 1137 2287 stili
1158 2247 1237 2299 qui
1263 2251 1412 2288 totum
1444 2247 1529 2287 sibi
1554 2245 1764 2299 vendicat

508 2310 629 2363 quod
652 2311 899 2364 scripserat
922 2323 1020 2352 esse
1044 2324 1176 2352 suum
1193 2313 1212 2352 'l
1283 2312 1355 2353 De
1372 2317 1419 2353 te
1439 2312 1635 2366 quidem,
1655 2311 1764 2359 filia,

508 2375 611 2428 plus
648 2377 777 2429 agit:
821 2390 927 2418 ecce
971 2377 1113 2418 trahit
1150 2377 1273 2431 quod
1316 2378 1442 2428 libet,
1483 2390 1566 2419 nec
1611 2382 1763 2418 tamen

508 2446 693 2495 reputat
728 2455 777 2483 se
807 2447 1088 2493 contentum,
1119 2443 1158 2483 si
1194 2448 1370 2496 partem
1401 2457 1549 2484 rerum
1581 2447 1763 2483 tuarum

507 2507 728 2548 decimam
759 2508 933 2550 scilicet
963 2521 991 2549 a
1019 2513 1065 2550 te
1093 2514 1259 2558 sumat,
1278 2509 1366 2550 nisi
1394 2509 1564 2562 primos
1588 2507 1763 2549 fructus

508 2573 826 2615 beneficiorum
848 2578 1030 2615 tuorum
1052 2574 1220 2616 habeat
1239 2574 1571 2624 ministrorum,
1594 2579 1646 2615 ut
1669 2579 1764 2615 tam

555 2743 565 2763 ¹
590 2746 600 2764 ‘
611 2747 777 2786 cumque‚’
794 2746 867 2778 MS.
885 2746 1011 2778 Lansd.

555 2788 567 2806 π
589 2793 598 2809 ι
611 2793 844 2832 nuncupatui:
862 2793 936 2824 MS·
954 2793 1080 2825 Lansd·
1196 2774 1209 2793 ³
1233 2771 1417 2803 ‘morsibus
1428 2772 1609 2812 luporum,'
1621 2772 1768 2812 Prynne·
