2038 3306
486 336 712 366 murum
746 335 808 365 nn
838 335 1215 366 ussmmcnuncn.
1401 323 1487 365 135

220 443 293 479 cet
325 439 428 480 idus
454 438 752 494 Septembris,
783 440 1119 494 responderunt
1149 440 1339 495 praecise
1359 439 1480 492 quod
1515 445 1686 504 {fg-‘5235‘

219 517 298 546 eos
312 505 571 559 justificare
603 520 696 549 non
727 512 959 561 poterant,
983 507 1301 561 promittentes
1326 511 1479 548 tamen
1495 532 1599 558 mi„
1610 533 1642 557 „f

218 571 341 624 quod
373 572 421 613 in
453 573 679 615 auxilium
714 578 975 615 nostrorum
1005 573 1212 615 venirent
1243 573 1318 614 die
1352 585 1478 614 cras·
1494 566 1640 641 {2⁰3¹ss

217 637 316 679 tina
383 652 485 680 cum
556 644 567 662 ‘
593 639 688 681 Lx!
709 639 721 661 ¹
783 640 912 693 equis
966 639 1172 681 armatis,
1261 639 1476 681 Credide-
1494 644 1628 676 Sept-¹⁰·

216 709 413 758 runtque
452 706 534 755 eis,
567 711 614 748 et
643 706 911 747 dimiserunt
943 718 1037 747 eos,
1121 705 1179 746 In
1211 691 1633 758 ‘recessu,'²}³2⁸1{i},‘3}',¹

215 775 369 811 autem
413 785 569 814 eorum
610 773 656 814 in
696 772 914 826 vesperis,
957 784 1062 813 cum
1104 771 1376 824 quibusdam
1417 785 1478 813 ex

215 838 383 878 nostris
405 851 433 880 a
454 838 632 892 foragio
661 838 996 880 revertentibus
1030 837 1308 887 obviassent,
1334 837 1478 879 insul-

217 907 313 943 tum
336 903 444 945 fecit
463 905 509 944 in
529 917 607 946 eos
627 904 704 945 ille
726 916 878 945 comes
901 902 958 944 de
984 902 1219 952 LeuenaX,
1240 908 1287 945 et
1307 903 1476 945 collum

212 969 348 1010 unius
388 970 553 1023 peditis
592 970 843 1024 perforavit
882 968 1049 1022 gladio.
1120 968 1258 1019 Quod
1290 982 1395 1010 cum
1429 970 1475 1010 in

213 1036 416 1077 exercitu
454 1041 612 1078 nostro
646 1036 913 1077 nunciatum
950 1040 1088 1086 esset,
1121 1047 1231 1076 mox
1266 1048 1479 1077 cucurre-

212 1106 320 1142 runt
361 1102 419 1143 ad
466 1115 608 1153 arma,
653 1108 700 1144 et
742 1102 1033 1143 vulneratum
1076 1100 1476 1154 sanguinolentum

212 1168 367 1209 comiti
389 1168 445 1209 de
462 1169 698 1211 Warenna
714 1172 1064 1223 praesentarunt,
1083 1172 1354 1221 expetentes
1376 1169 1476 1210 vin-

213 1233 382 1275 dictam
421 1235 518 1276 fieri
561 1236 700 1277 etiam
734 1236 836 1288 ipsa
870 1239 1017 1283 nocte,
1055 1234 1393 1276 conclamantes
1431 1241 1478 1277 et

212 1299 414 1342 dicentes
449 1301 716 1343 seditionem
750 1301 849 1342 fieri
880 1305 926 1342 et
959 1300 1094 1342 fidem
1131 1301 1326 1342 fractam
1361 1313 1475 1343 esse.

212 1365 285 1407 Ad
312 1366 409 1408 haec
439 1381 607 1418 comes,
629 1372 656 1390 “
672 1366 950 1416 Sustinete,'’
979 1367 1143 1420 inquit,
1173 1370 1351 1410 “nocte
1374 1367 1476 1418 hac,

212 1438 264 1474 ut
285 1433 324 1473 si
339 1433 385 1473 in
404 1434 655 1475 crastinum
677 1434 903 1488 promissa
917 1446 1007 1474 non
1023 1433 1366 1487 compleverint,
1378 1447 1475 1475 ma-

204 1500 354 1553 jorem
388 1500 526 1541 etiam
554 1500 602 1541 in
634 1500 720 1541 hoc
751 1500 874 1541 facto
906 1499 1126 1541 ultionem
1157 1500 1476 1553 expetamus.”

210 1565 439 1619 Praecepit
467 1571 621 1607 tamen
654 1571 707 1607 ut
730 1579 887 1607 omnes
913 1570 1068 1607 essent
1101 1566 1253 1620 parati
1281 1567 1329 1607 in
1349 1579 1476 1609 cras-

208 1631 355 1672 tinum
405 1632 462 1673 ad
513 1632 841 1674 transeundum
891 1636 1076 1685 pontem
1127 1632 1184 1673 de
1228 1631 1474 1687 Strivelyn.

209 1696 352 1738 Mane
386 1703 540 1739 autem
574 1698 712 1747 facto,
749 1698 1030 1740 transierunt
1065 1702 1250 1752 pontem
1285 1699 1473 1752 ‘pedes-

208 1768 303 1805 tres
343 1765 488 1806 nostri
531 1764 775 1818 plusquam
816 1765 1018 1818 quinque
1062 1764 1206 1806 millia
1253 1769 1300 1806 et
1343 1765 1474 1807 Wal-

209 1829 359 1872 lenses
381 1829 591 1884 plureS‚’³
624 1831 883 1884 iterumque
906 1831 1253 1872 revertebantur
1272 1844 1328 1873 eo
1349 1832 1471 1885 quod

209 1909 361 1938 comes
402 1902 556 1939 noster
586 1910 747 1939 somno
776 1898 1021 1951 depressus
1054 1898 1100 1938 in
1137 1909 1350 1951 campum
1382 1911 1473 1940 non

210 1963 396 2005 exisset.
469 1963 678 2018 Cumque
697 1972 804 2018 post
822 1976 1040 2017 magnam
1060 1963 1219 2005 horam
1244 1965 1470 2006 surrexis-

208 2034 280 2071 set
303 2042 332 2070 a
355 2043 531 2079 somno,
563 2035 806 2084 essentque
830 2042 990 2071 omnes
1019 2030 1066 2070 in
1095 2042 1260 2083 campo
1289 2031 1472 2080 armati,

209 2095 316 2137 fecit
336 2096 503 2137 ibidem
523 2110 668 2138 novos
686 2097 871 2146 milites,
888 2109 1081 2150 quorum
1103 2095 1290 2148 quidam
1312 2096 1471 2138 eadem

209 2161 282 2202 die
325 2168 608 2204 corruerunt.
679 2162 963 2215 Inter-imque
998 2162 1279 2203 transierunt
1314 2161 1474 2216 pedes-

212 2232 305 2268 tres
350 2229 510 2278 nostri,
560 2233 606 2270 et
657 2229 823 2270 iterato
868 2227 1041 2269 reversi
1083 2233 1192 2269 sunt
1244 2241 1299 2269 eo
1349 2227 1471 2282 quod

210 2294 491 2335 senescallus
512 2294 680 2336 Scotiae
694 2299 705 2315 ‘
717 2299 762 2336 et
775 2307 928 2336 comes
944 2294 1000 2335 de
1017 2293 1233 2335 Levenax
1245 2292 1281 2316 ’⁴¹
1296 2295 1471 2336 ‘venie-

211 2357 364 2402 bant'⁵
403 2373 507 2402 cum
547 2361 707 2414 paucis
745 2360 929 2414 quidem
966 2365 1011 2402 et
1048 2373 1140 2401 non
1176 2373 1279 2402 cum
1322 2354 1474 2403 ‘Lx.'⁶

209 2427 400 2468 armatis
459 2432 510 2468 ut
575 2432 901 2475 convenerant,
945 2426 1284 2481 credebantque
1329 2427 1474 2469 nostri

206 2492 330 2546 ipsos
354 2493 450 2535 fore
481 2493 664 2548 bajulos
694 2494 800 2535 boni
831 2493 1002 2543 nuncii,
1026 2493 1105 2534 sed
1136 2498 1476 2535 excusaverunt

258 2637 268 2658 ¹
292 2637 396 2672 ‘xm'
414 2639 490 2672 MS.
506 2638 597 2672 Cott.
613 2640 690 2672 Tib.
908 2638 922 2658 ⁴
946 2640 1098 2672 Omitted
1146 2641 1181 2671 in
1234 2640 1337 2673 MSS.
1385 2640 1472 2672 eoll-

253 2685 268 2705 ²
287 2685 298 2703 ‘
309 2686 492 2727 regressu?
508 2687 584 2719 MS.
602 2687 694 2720 Cott.
707 2687 814 2727 Vesp.
862 2686 957 2719 Arm.
974 2687 1041 2718 and
1057 2687 1146 2719 Cott.
1160 2687 1236 2718 Tib.

254 2730 267 2749 ³
288 2733 299 2750 ‘
315 2733 491 2772 pedestres
513 2733 618 2765 nostri
645 2734 827 2773 plusquam
908 2731 922 2750 ⁵
944 2734 954 2751 ‘
967 2733 1145 2774 veniebat‚’
1162 2733 1239 2766 MS.
1256 2732 1346 2765 Cott.
1361 2733 1438 2765 Tib.

206 2779 314 2810 millia
352 2780 568 2821 Wallenses,’
613 2780 690 2812 MS.
737 2780 827 2813 Cott.
909 2777 924 2797 ⁶
945 2781 955 2798 ‘
968 2781 1050 2820 xL.,'
1060 2780 1161 2814 MSS.
1175 2779 1265 2813 Cott.
1284 2779 1391 2821 Vesp.
1408 2779 1475 2812 and

206 2825 311 2866 Vesp.
864 2826 953 2859 Cott.
967 2826 1044 2860 Tib.
