2038 3306
515 305 601 347 230
1001 314 1281 346 canonicos
2027 306 2034 331 ⁴

322 432 441 459 zama
456 431 479 457 1.
517 418 688 461 sultum
728 418 836 460 fecit
868 419 1041 472 palatio
1071 432 1216 472 usque
1251 423 1357 473 post
1394 419 1551 461 horam
1588 432 1772 468 nonam,

319 464 488 490 A‘D'nm'
519 485 823 539 appositoque
862 484 968 537 igne
1011 485 1262 527 combussit
1304 490 1461 538 portas
1506 485 1681 539 palatii,
1726 491 1771 527 et

304 563 378 595 rope
393 563 478 588 noni-
520 554 729 604 potenter
766 550 1000 603 ingressus
1027 555 1114 591 est.
1186 549 1422 603 Gaesisque
1452 550 1559 592 hinc
1589 556 1637 592 et
1666 551 1771 592 inde

303 596 501 661 ssiffoffeiai‘t‘n
520 615 765 669 aliquibus,
787 615 910 669 cepit
933 627 1100 668 papam
1124 615 1413 656 Bonifacium
1438 621 1485 657 et
1506 616 1773 658 thesaurum

305 662 428 695 ⁵⁶³⁹*
521 681 770 735 copiosum.
840 680 1049 734 Cumque
1082 680 1359 734 participare
1387 681 1545 732 nollet,
1579 687 1631 723 ut
1665 695 1775 723 con-

523 752 727 797 venerat,
768 746 1119 788 conclamabant
1171 746 1416 800 optimates
1469 746 1527 788 ad
1580 746 1776 800 plebem,

524 812 726 855 dicentes
746 825 795 854 se
817 825 918 854 esse
941 812 1174 866 deceptoS,
1194 817 1240 854 et
1259 812 1299 853 si
1334 812 1637 854 abduceretur
1653 826 1774 866 papa

525 878 606 929 sic,
634 882 889 920 verteretur
920 878 966 919 in
1002 878 1310 932 proverbium,
1338 883 1386 919 et
1423 878 1604 920 cederet
1640 879 1706 919 eis
1726 884 1774 919 et

526 943 782 985 haeredibus
796 945 892 985 suis
912 944 957 985 in
981 944 1276 998 opprobrium
1298 945 1636 998 sempiternum.
1682 943 1774 985 Cu-

525 1014 852 1063 curreruntque
876 1009 933 1051 ad
954 1022 1098 1060 arma,
1114 1015 1160 1052 et
1179 1011 1404 1051 irruentes
1423 1010 1471 1051 in
1489 1023 1583 1060 eos,
1600 1010 1778 1051 fortiter

308 1089 336 1114 ιε
348 1088 485 1113 liberated
525 1082 661 1117 extra
674 1076 908 1117 civitatem
924 1075 1168 1130 ejecerunt.
1218 1076 1581 1128 Rapueruntque
1595 1088 1778 1129 papam,

305 1122 434 1180 3532&
525 1146 571 1182 et
600 1141 833 1194 dispersus
860 1146 931 1182 est
956 1141 1198 1183 thesaurus
1232 1141 1335 1181 hinc
1360 1145 1406 1182 et
1435 1141 1553 1181 inde.
1625 1140 1776 1182 Resti-

525 1211 800 1259 tueruntque
814 1202 981 1259 papam
997 1208 1044 1247 in
1059 1207 1207 1247 locum
1218 1211 1423 1255 suum,et
1439 1206 1776 1247 confortatoriis

524 1271 675 1312 verbis
704 1271 1009 1324 loquebantur
1044 1272 1085 1313 ei
1116 1277 1168 1312 ut
1204 1284 1293 1312 non
1322 1272 1518 1314 timeret.
1589 1271 1683 1322 Qui
1711 1284 1777 1312 re-

523 1342 762 1389 assumpto
784 1337 968 1378 tandem
989 1337 1151 1391 spiritu
1182 1337 1414 1378 benedixit
1433 1350 1528 1387 eos,
1549 1342 1595 1378 et
1615 1337 1776 1390 gloriae

523 1408 569 1443 et
597 1401 806 1443 fidelitati
835 1416 992 1444 eorum
1026 1404 1203 1456 gratias
1232 1403 1326 1455 egit
1349 1404 1609 1446 immensas.
1681 1403 1778 1444 Ex-

523 1468 766 1521 posuitque
814 1469 878 1510 eis
924 1482 1110 1510 causam
1155 1481 1295 1522 quare
1351 1469 1616 1510 thesaurum
1671 1482 1778 1510 con·

522 1540 815 1587 gregaverat,
850 1547 932 1588 pro
965 1536 1149 1588 negotio
1185 1535 1358 1576 scilicet
1397 1534 1554 1576 Terrae
1595 1534 1778 1576 Sanctae

522 1599 847 1652 promovendo,
891 1613 1028 1653 quam
1078 1613 1158 1653 per
1203 1613 1251 1641 se
1293 1600 1366 1642 vel
1419 1614 1500 1654 per
1546 1605 1777 1654 potentem

522 1665 775 1706 exercitum
824 1671 1127 1719 proposuerat
1181 1666 1392 1707 visitasse
1452 1667 1499 1707 in
1532 1666 1774 1719 proximo.

524 1730 819 1784 Rogavitque
841 1744 945 1772 cum
968 1731 1191 1773 instantia
1219 1736 1269 1772 ut
1301 1744 1404 1773 eum
1427 1732 1625 1773 Romam
1646 1731 1778 1773 salvo

523 1796 830 1837 conducerent
851 1810 934 1850 pro
957 1809 1042 1838 sua
1063 1802 1109 1838 et
1133 1797 1446 1839 benedictione
1467 1797 1570 1838 Dei.
1636 1797 1776 1838 Fece-

522 1867 722 1916 runtque
753 1863 874 1915 quod
897 1862 1119 1916 jusserat,
1151 1867 1197 1903 et
1223 1876 1326 1904 eum
1357 1868 1567 1917 potenter
1594 1868 1641 1904 et
1670 1876 1774 1904 cum

306 1938 361 1964 ms
373 1939 469 1964 death.
521 1926 692 1969 honore
712 1928 954 1969 duxerunt.
1007 1928 1328 1981 Successitque
1353 1929 1498 1970 dolori
1518 1928 1776 1978 infirmitas,

521 1998 567 2034 et
614 1998 720 2046 post
755 1994 851 2035 dies
902 2007 1075 2047 paucos
1115 1994 1283 2035 ibidem
1321 1995 1562 2049 requievit,
1603 1995 1778 2035 scilicet

520 2057 699 2099 ’ΧΙΠΠ1
735 2059 807 2101 die
841 2059 1073 2110 Octobris,
1106 2060 1180 2101 cui
1220 2061 1442 2102 successit
1477 2074 1599 2114 papa
1632 2061 1779 2101 Bene—

306 2124 500 2159 Benedictxi
518 2124 667 2165 dictus
714 2124 811 2167 XI.
856 2126 911 2167 de
961 2126 1120 2167 ordine
1160 2126 1351 2167 fratrum
1398 2126 1776 2175 Praedicatorum,

518 2195 786 2244 assumptus
806 2195 818 2212 ‘
838 2197 885 2232 et
910 2192 1070 2233 eodem
1096 2190 1276 2232 anno.'²

804 2340 894 2381 Rex
913 2340 1073 2381 saisitus
1094 2345 1150 2380 est
1170 2339 1216 2380 in
1247 2339 1482 2380 wasconia.

303 2462 394 2494 Philip
583 2451 756 2492 Eodem
797 2464 918 2492 anno
959 2453 1144 2493 seisitus
1188 2459 1258 2493 est
1292 2466 1373 2493 rex
1410 2458 1564 2494 noster
1594 2453 1638 2492 in
1678 2458 1776 2493 tota

302 2499 420 2520 Υθδῑῦῐθὸ

302 2528 471 2592 ἓὲἓειὲἓῦσιο
514 2516 780 2566 Wasconia‚
815 2523 862 2558 et
902 2517 1063 2558 habuit
1107 2518 1168 2558 ibi
1210 2531 1293 2558 suo
1339 2518 1518 2558 nomine
1563 2518 1774 2558 comitem

559 2658 567 2677 ¹
593 2660 653 2692 We
669 2660 790 2691 should
805 2660 884 2692 here
899 2660 980 2692 read
994 2661 1004 2678 ⁴
1017 2661 1079 2692 x1.'
1158 2661 1309 2700 Trevisa,
1325 2670 1396 2691 was
1412 2660 1539 2691 elected
1550 2670 1593 2691 on
1604 2660 1776 2699 Tuesday,

556 2703 569 2723 ⁹
594 2706 744 2737 Omitted
767 2708 803 2737 in
826 2707 901 2737 MS.
925 2706 1012 2738 Coll.
1030 2707 1122 2739 Trin.
1159 2706 1305 2738 October
1320 2709 1374 2746 22,
1390 2707 1455 2737 and
1478 2706 1632 2737 crowned
1653 2716 1695 2736 on
1719 2707 1774 2737 the

512 2751 674 2783 Benedict
700 2753 778 2792 XL,
812 2753 952 2784 Nicolas
978 2753 1123 2784 Bocasin
1158 2752 1329 2793 following
1350 2753 1500 2791 Sunday.
1549 2752 1604 2783 He
1627 2752 1707 2783 died
1732 2762 1772 2783 on

510 2798 548 2827 of
574 2798 724 2838 Trevisa,
758 2799 1062 2838 Cardinal-Bishop
1090 2799 1128 2830 of
1158 2799 1212 2830 the
1228 2799 1286 2830 oth
1305 2809 1341 2830 or
1357 2799 1413 2830 ⁷th
1431 2798 1467 2829 of
1479 2798 1563 2837 July
1581 2800 1676 2829 1304.
