1992 3202
313 411 430 437 Edwnrd
444 411 467 436 1.

306 445 342 470 A.
355 445 389 469 D.
405 446 479 470 129³.

297 1653 358 1677 The
373 1651 478 1676 French

300 1685 395 1709 obtain

506 287 565 327 44
991 296 1053 326 cn
1062 295 1268 327 nor-ticon

510 401 767 442 executioni
802 398 1082 449 mandatam,
1120 400 1166 440 in
1207 399 1295 441 fide
1332 400 1603 453 promittens
1641 401 1768 452 regia

510 467 688 520 plenam
711 478 868 519 pacem
888 464 1052 506 debere
1075 465 1294 518 subsequi
1314 466 1354 506 si
1374 470 1584 518 rogatum
1610 465 1767 521 hujus-

511 532 631 573 modi
659 530 942 583 adimpleret.
1006 529 1099 581 Qui
1131 543 1235 571 cum
1264 531 1377 572 talia
1403 543 1495 571 non
1521 531 1688 572 audere
1719 544 1768 571 se

510 609 783 650 praesumere
806 596 994 645 diceret,
1015 596 1172 636 statim
1195 595 1251 636 ad
1276 601 1488 648 rogatum
1509 597 1655 650 ipsius
1685 610 1768 637 vo-

510 662 733 703 luntatem
766 661 887 714 regis
920 659 1101 714 Angliae
1131 674 1270 714 super
1304 661 1390 702 hoc
1421 667 1468 702 et
1498 674 1768 703 consensum

511 728 778 781 requisivit3
810 740 892 768 rex
917 731 1086 776 autem,
1111 727 1232 768 dicto
1261 727 1415 768 fratris
1435 727 1507 767 sui
1537 727 1671 768 fidem
1692 727 1773 768 ad-

512 794 684 844 hibens,
720 806 802 847 per
835 805 943 834 suas
981 796 1192 846 patentes
1222 792 1378 834 literas
1409 793 1693 834 remandavit
1722 806 1771 835 se

512 865 662 900 ratum
683 864 728 901 et
751 863 934 912 gratum
957 858 1125 900 habere
1146 863 1192 899 et
1221 858 1389 899 habere
1412 858 1530 899 velle
1554 859 1769 913 quicquid

512 938 595 966 suo
627 926 807 966 nomine
836 925 884 965 in
915 924 1000 965 hac
1038 929 1168 977 parte
1199 921 1459 965 ‘duceret'¹
1497 924 1768 966 faciendum.

514 990 694 1041 Quibus
718 990 933 1043 acceptis,
958 995 1004 1031 et
1027 1002 1108 1043 per
1128 1003 1229 1031 eum
1254 990 1351 1043 regi
1368 989 1574 1031 Franciae
1596 990 1769 1031 insinu-

512 1057 616 1106 atis,
648 1056 855 1110 promisit
889 1056 930 1096 ei
960 1066 1045 1096 rex
1077 1055 1122 1095 in
1166 1055 1254 1096 fide
1293 1062 1340 1096 et
1375 1055 1423 1095 in
1464 1056 1602 1096 verbo
1643 1057 1768 1108 regio

511 1122 634 1174 quod
674 1122 827 1162 omnia
866 1125 972 1173 post
1009 1126 1189 1174 tempus
1224 1121 1450 1161 modicum
1488 1134 1590 1161 cum
1629 1122 1766 1174 plena

511 1199 624 1239 pace
666 1187 1016 1227 restituerentur
1055 1186 1112 1226 ad
1155 1191 1328 1227 votum.
1400 1185 1487 1226 Ille
1527 1199 1636 1227 vero
1678 1187 1768 1227 Ed·

511 1251 707 1292 mundus
743 1251 1009 1304 simpliciter
1043 1251 1232 1291 credens
1260 1255 1306 1291 et
1339 1251 1386 1291 in
1425 1255 1606 1292 tantum
1638 1253 1767 1304 regia

510 1317 807 1370 promissione
827 1316 1019 1357 allectus
1041 1317 1335 1357 securitatem
1358 1329 1445 1357 non
1465 1317 1611 1369 petiit,
1628 1317 1767 1359 firmi-

511 1386 582 1422 ter
601 1382 788 1423 credens
816 1381 1160 1435 promissionem
1188 1383 1360 1435 regiam
1396 1395 1571 1423 omnem
1605 1383 1768 1425 debere

512 1448 733 1489 excedere
778 1448 1064 1498 cautionem3
1109 1448 1358 1500 statimque
1397 1448 1582 1501 scripsit
1620 1461 1768 1490 senes·

512 1513 629 1554 callo
660 1513 905 1555 Vasconiae
940 1512 1060 1566 quod
1092 1512 1336 1553 earundem
1370 1513 1608 1554 civitatum
1640 1515 1769 1555 seisi-

514 1591 617 1619 nam
651 1578 867 1619 ministris
905 1578 1027 1631 regis
1066 1579 1274 1619 Franciae
1313 1578 1562 1633 liberaret?
1631 1579 1766 1630 Quod

513 1657 616 1685 cum
647 1644 724 1684 ille
751 1643 934 1685 fecisset
959 1657 1067 1685 mox
1093 1644 1183 1697 ipsi
1215 1644 1381 1685 Franci
1419 1645 1565 1697 primo
1596 1658 1767 1699 paucos

298 1717 455 1748 possession
467 1714 556 1750 oret
599 1709 797 1751 latenter
833 1714 992 1762 postea
1032 1710 1252 1762 plurimos
1290 1714 1336 1750 et
1375 1714 1586 1763 patenter
1615 1716 1661 1751 et
1691 1711 1768 1752 de-

301 1751 440 1782 Gascony.

511 1789 634 1816 mum
657 1775 958 1828 pergrandem
981 1774 1334 1816 introduxerunt
1355 1776 1622 1816 exercitum.
1673 1777 1770 1819 Do-

510 1842 661 1882 minus
703 1846 852 1882 autem
899 1840 1165 1882 Edmundus
1208 1841 1293 1882 hoc
1335 1841 1524 1882 audiens
1562 1848 1607 1882 et
1649 1843 1769 1883 sedi-

512 1907 680 1947 tionem
711 1907 892 1955 timens,
924 1907 1105 1959 rogavit
1136 1920 1287 1959 regem
1324 1906 1531 1947 Franciae
1563 1912 1631 1957 ut,
1662 1922 1767 1962 pro-

511 1972 740 2012 missionis
764 1985 860 2013 suae
890 1985 1077 2021 memor,
1101 1972 1214 2013 talia
1237 1972 1334 2013 fieri
1368 1972 1655 2025 prohiberet3
1695 1975 1768 2015 cui

511 2049 610 2087 rex,
635 2040 664 2058 “
682 2036 913 2086 Sustine,'’
937 2037 1100 2090 inquit,
1125 2041 1154 2060 “
1170 2037 1403 2091 paulisper
1423 2051 1663 2091 quousque
1687 2040 1767 2080 ad-

510 2102 785 2155 impleantur
810 2114 891 2143 XL.
914 2102 1026 2152 dies,
1055 2107 1101 2143 et
1128 2103 1280 2143 omnia
1302 2104 1588 2145 restituam.''
1655 2104 1768 2155 Qui-

510 2168 595 2208 bus
620 2167 801 2221 elapsis,
826 2168 934 2208 dum
962 2181 1100 2221 super
1126 2168 1283 2209 eodem
1315 2170 1501 2221 negotio
1531 2175 1772 2223 rogaretur

511 2246 593 2286 per
633 2233 865 2274 dominum
906 2232 1211 2283 Edmundum‚
1254 2234 1494 2275 confestim
1538 2236 1770 2289 respondit

510 2298 839 2339 ordinationem
860 2299 999 2340 curiae
1022 2311 1119 2339 suae
1140 2304 1186 2340 et
1200 2299 1410 2353 judicata
1431 2313 1513 2352 per
1533 2311 1622 2341 X11.
1638 2315 1772 2354 pares

510 2365 684 2417 absque
714 2364 960 2405 eorundem
995 2365 1224 2405 communi
1255 2365 1446 2405 consilio
1479 2378 1528 2405 se
1555 2379 1770 2408 revocare

512 2443 602 2470 non
647 2442 797 2482 posse,
833 2434 1103 2482 mutatoque
1136 2429 1266 2471 vultu
1308 2430 1441 2482 quasi
1482 2430 1769 2483 dedignando

511 2495 712 2536 recessit.
798 2495 1025 2536 Dominus
1071 2500 1222 2535 autem
1268 2495 1534 2536 Edmundus
1579 2510 1682 2537 cum
1722 2498 1767 2538 in

512 2561 667 2601 eadem
713 2561 841 2602 curia
886 2561 1054 2602 multos
1095 2560 1283 2601 haberet
1323 2561 1510 2610 amicos,
1553 2575 1606 2602 eo
1647 2564 1768 2616 quod

558 2725 564 2742 ¹
592 2726 601 2743 ‘
614 2726 769 2765 deceret‚’
786 2726 859 2757 MS.
877 2726 1002 2756 Lansd.
1153 2725 1210 2756 the
1226 2725 1400 2756 seneschal
1416 2735 1488 2757 was
1503 2726 1604 2757 dated
1620 2730 1654 2757 at
1670 2727 1770 2758 Paris

554 2768 568 2787 ²
592 2771 711 2802 l'rince
743 2771 928 2802 Edniund’s
958 2772 1055 2803 letter
1089 2774 1122 2802 to
1153 2781 1196 2802 on
1211 2771 1266 2802 the
1283 2772 1341 2802 3rd
1358 2771 1395 2802 os
1408 2772 1590 2811 February.
