1992 3202
473 264 701 295 WALrssm
736 264 797 293 DE
831 263 1208 295 Hmimossuncn.
1413 252 1472 293 (53

150 371 155 376 ”
199 372 478 417 censeretur,
503 367 753 416 condoluit,
779 372 842 417 et,
867 379 981 407 sano
1007 378 1118 407 usus
1139 365 1348 415 consilio,
1372 365 1471 417 regi
1506 378 1671 436 ξαῧωιαῃιό.

200 438 359 475 nostro
396 434 596 487 seipsum
635 437 801 486 sponte
833 432 1017 481 obtulit,
1051 432 1204 473 omnia
1235 445 1318 485 per
1347 431 1470 472 ordi·
1533 429 1539 436 '
1579 430 1584 435 “
1669 427 1682 452 ‘-

201 512 304 540 nem
350 512 541 541 narrans
589 503 634 540 et
671 499 850 539 veniam
890 498 1243 539 misericorditer
1283 502 1470 551 petens3

201 565 323 619 quod
354 578 463 620 cum
488 566 639 619 ipsum
667 565 900 606 domiuum
919 564 1144 606 Thomam
1181 576 1272 605 non
1305 564 1473 605 lateret

200 631 321 684 fugit
351 632 569 673 continuo
608 636 656 673 et
693 644 721 672 a
752 631 880 672 curia
910 630 1108 671 latenter
1139 630 1369 678 discessit,
1392 629 1472 670 sed

202 711 311 739 mox
343 711 371 739 a
403 698 623 739 ministris
655 697 778 750 regis
814 697 1050 737 insecutus
1075 709 1234 738 versus
1258 695 1473 745 Wallias,

202 769 308 817 post
348 764 465 805 duas
511 764 660 805 dietas
699 768 864 816 captus
903 767 988 811 est,
1022 761 1256 811 reductus,
1294 761 1473 816 adjudi-

198 835 345 879 catuS,
364 836 411 871 et
432 834 627 871 tractus.
680 828 741 869 Et
763 828 856 869 cito
878 831 984 881 post
1008 832 1110 868 tota
1125 840 1294 880 magna
1309 827 1471 868 classis

201 896 423 950 praedicta
453 894 679 936 dissoluta
711 899 783 935 est
812 898 859 934 et
883 893 940 933 ad
973 893 1186 946 proprios
1209 899 1371 946 portus
1402 905 1472 933 re-

202 974 350 1003 versa.

205 1108 452 1150 Cardinales
471 1114 667 1149 venerunt
688 1107 945 1163 inAnyliam
965 1121 1057 1148 cum
1074 1107 1231 1149 Litoris
1241 1107 1375 1162 Papae
1395 1120 1474 1161 pro

622 1174 736 1215 Pace
763 1172 1048 1229 reformanda.

268 1289 441 1330 Eodem
474 1301 596 1329 anno
633 1288 757 1329 circa
793 1287 960 1329 festum
999 1288 1300 1330 Pentecostes
1335 1300 1475 1330 vene·
1490 1303 1551 1329 Tne
1564 1302 1660 1336 Pope’s

203 1360 311 1396 runt
341 1356 387 1395 in
416 1355 636 1407 Angliam
674 1354 764 1395 duo
800 1354 1074 1404 cardinales,
1107 1355 1235 1395 missi
1270 1367 1298 1395 a
1328 1354 1472 1396 latere
1490 1337 1622 1395 {ffissffin

206 1420 361 1474 papael
387 1421 445 1461 ad
468 1434 623 1473 regem
647 1418 834 1471 Angliae
861 1433 966 1461 cum
997 1420 1206 1474 epistolis
1228 1421 1473 1474 papalibus
1491 1403 1629 1435 En⁸¹³¹¹d'

205 1488 251 1528 in
272 1486 371 1527 haec
394 1487 535 1527 verba
555 1489 568 1507 ‘
585 1486 819 1539 conceptis
835 1486 948 1527 :’²-—

273 1556 303 1574 “
323 1550 616 1594 Bonifacius³
637 1552 898 1605 episcopus,
924 1564 1086 1593 servus
1107 1564 1346 1593 servorum
1367 1552 1472 1601 Dei,
1490 1561 1600 1586 Bullor
1615 1561 1690 1592 Pone

1491 1594 1626 1619 Boniface
1638 1594 1669 1618 in

206 1619 443 1660 carissimo
475 1619 523 1659 in
553 1617 738 1659 Christo
769 1617 863 1659 filio
889 1618 1136 1668 Edwardo,
1158 1618 1256 1670 regi
1286 1617 1473 1670 Angliae
1491 1627 1658 1684 ravouxofth

205 1685 390 1735 illustri,
428 1684 625 1726 salutem
661 1689 708 1725 et
745 1683 1049 1738 apostolicam
1091 1684 1475 1727 benedictionem.
1491 1666 1674 1724 ῗῑῗῖοῐῖἰῖἶῖςοῑ

209 1751 372 1793 Movet
406 1751 603 1791 animum
639 1755 930 1804 mentemque
962 1750 1198 1800 sollicitat,
1232 1750 1299 1791 fili
1333 1750 1474 1791 caris·
1493 1727 1607 1752 anoe'

208 1818 337 1867 sime,
377 1817 556 1858 sincera
595 1822 642 1858 et
687 1815 940 1858 affectuosa
986 1816 1188 1866 dilectio,
1232 1829 1369 1869 quam
1418 1817 1476 1857 ab

209 1883 334 1934 olim,
356 1883 464 1924 dum
498 1896 608 1924 cura
641 1883 772 1924 nobis
802 1881 939 1924 officii
968 1883 1156 1924 minoris
1175 1882 1477 1932 incumberet,

209 1949 268 1991 ad
294 1962 537 2003 personam
569 1949 743 2001 regiam
777 1954 999 2002 tuumque
1035 1962 1228 2002 regnum
1267 1948 1476 1989 inclitum

211 2017 455 2069 gessimus,
478 2020 524 2057 et
554 2015 834 2056 continuatis
867 2015 1094 2055 benivolis
1121 2014 1287 2055 studiis
1316 2026 1481 2066 gerere

210 2095 302 2123 non
351 2094 601 2131 cessamus,
646 2086 698 2122 ut
741 2080 1059 2122 celsitudinem
1109 2080 1300 2132 regiam,
1344 2079 1476 2133 cujus

211 2148 540 2188 exaltationem
573 2152 620 2188 et
655 2147 848 2199 gloriam
897 2145 1087 2187 summis
1131 2145 1379 2197 desideriis
1409 2145 1477 2186 af-

213 2213 455 2263 fectamus,
501 2212 559 2253 ad
600 2225 655 2253 ea
695 2212 966 2253 inducamus
1011 2211 1207 2253 sollicite
1253 2224 1335 2265 per
1374 2223 1478 2264 quae

211 2280 258 2321 in
298 2284 548 2333 conspectu
585 2278 731 2330 Regis
766 2276 1012 2328 Altissimi,
1044 2291 1127 2331 per
1166 2289 1301 2330 quem
1347 2289 1479 2330 reges

211 2349 408 2399 regnant
437 2349 483 2386 et
514 2343 743 2398 principes
778 2344 1090 2393 dominantur,
1121 2343 1177 2386 de
1209 2343 1331 2385 bono
1361 2355 1481 2384 sem-

212 2425 294 2466 per
323 2412 371 2452 in
402 2411 565 2452 melius
598 2410 804 2452 reddaris
839 2410 1085 2464 acceptior,
1121 2422 1338 2451 occurras
1377 2421 1483 2462 gra-

264 2571 273 2591 ¹
313 2572 474 2604 Boniface
507 2572 612 2605 VIII.
651 2570 835 2615 (Benedict
915 2569 929 2589 ²
949 2571 1100 2603 Omitted
1116 2571 1151 2602 in
1167 2571 1242 2603 MS.
1259 2570 1346 2604 0011.
1362 2571 1456 2605 Arm.

216 2620 382 2659 Gaemno,
404 2618 567 2650 Cardinal
585 2618 624 2650 of
637 2619 686 2650 St.
710 2618 834 2650 Silves-
915 2616 929 2637 ³
949 2617 1032 2649 This
1047 2618 1119 2649 bull
1135 2618 1165 2649 is
1180 2618 1314 2657 printed
1328 2618 1412 2649 from
1427 2618 1484 2650 the

214 2664 294 2707 ter),
324 2665 453 2697 elected
478 2665 616 2705 Friday,
646 2665 834 2697 December
868 2664 1010 2704 original
1038 2664 1072 2695 in
1096 2663 1152 2695 the
1176 2664 1346 2704 Treasury
1369 2665 1408 2696 of
1428 2665 1484 2696 the

217 2715 271 2752 24,
297 2713 395 2752 1294,
417 2712 484 2743 and
504 2711 720 2743 consecrated
747 2711 833 2742 Sun-
870 2711 1012 2750 Receipt
1027 2710 1065 2741 of
1075 2710 1131 2742 the
1147 2709 1359 2750 Exchequer.

216 2759 297 2799 day,
311 2759 465 2797 January
481 2760 514 2798 2,
533 2760 628 2789 1295.
