1992 3202
486 263 710 295 WAL'PERI
746 262 806 292 DE
838 262 1214 294 HEM1NGBURGH.
1425 250 1483 290 55

213 383 312 411 eam
340 370 493 410 renuit
516 374 563 410 et
582 369 874 422 contempsit,
895 374 942 410 et
962 373 1134 422 quanto
1153 367 1300 421 magis
1320 379 1480 420 pacem

214 436 512 489 quaesivimus
545 440 676 476 tanto
707 436 855 488 magis
893 448 1075 477 eramus
1112 434 1170 475 ab
1203 446 1259 476 ea
1297 433 1482 486 longius

213 502 428 555 separati.
500 501 724 544 Videntes
757 506 910 542 autem
935 514 1019 542 nos
1044 501 1244 542 finaliter
1264 500 1330 541 sic
1351 499 1483 540 illudi

213 567 330 608 hanc
365 581 579 621 guerram
608 567 878 620 incepimus,
901 568 1040 609 etiam
1064 567 1103 607 si
1129 579 1316 608 necesse
1344 565 1483 607 suerit

214 647 298 687 pro
313 634 499 688 justitia
522 640 680 675 nostra
700 633 1021 688 consequenda
1044 645 1189 686 usque
1210 633 1267 674 ad
1288 637 1482 674 mortem

213 700 596 750 continuandam3
637 713 794 741 verum
829 699 939 752 quia
973 704 1106 740 terrae
1129 704 1294 740 vestrae
1315 697 1481 751 Angli-

213 779 341 807 canae
373 780 464 808 non
501 779 602 807 sum
632 765 720 806 nisi
750 778 871 806 unus
898 765 1030 818 quasi
1058 764 1208 805 malus
1239 769 1413 813 custos,
1435 770 1482 806 et

211 846 303 873 non
319 831 560 873 ‘tantum'¹
583 832 687 884 ipsa
707 835 832 871 terra
852 835 1008 871 vestra
1026 830 1142 871 ‘sed'
1158 829 1174 851 ⁵²
1200 835 1299 871 tota
1319 829 1481 883 Angli-

210 910 327 939 cana
349 898 541 939 ecclesia
559 897 658 951 jam
683 897 730 936 in
753 900 881 937 arcto
909 897 1095 949 ponitur
1114 901 1160 937 et
1179 901 1391 937 movetur
1411 897 1479 936 in-

205 964 348 1018 juste,
369 977 452 1004 nec
483 963 754 1005 continuare
788 975 1032 1015 possumus
1066 961 1187 1015 quod
1226 962 1480 1015 incepimus

210 1030 299 1070 nisi
330 1029 386 1071 de
407 1029 566 1071 eadem
588 1034 712 1070 terra
731 1033 887 1070 vestra
906 1028 1036 1070 nobis
1058 1028 1283 1069 auxilium
1303 1028 1479 1070 tribua-

211 1101 302 1145 tur,
337 1096 506 1138 idcirco
537 1095 769 1137 orationes
803 1099 979 1136 vestras
1015 1095 1063 1135 in
1093 1094 1311 1148 praesenti
1338 1107 1478 1148 expe-

211 1162 350 1203 timus
404 1167 450 1204 et
488 1166 691 1204 vestrum
737 1161 960 1202 auxilium
1012 1161 1327 1214 implorantes.
1420 1161 1481 1202 Et

207 1227 336 1282 juste
375 1228 566 1278 debetis,
588 1227 760 1269 domini
793 1227 1032 1277 carissimi,
1054 1232 1100 1268 et
1127 1228 1357 1281 praecipue
1390 1227 1482 1268 ista

212 1294 390 1336 ratione
425 1294 648 1348 impertiri
684 1293 923 1343 auxilium,
961 1294 1176 1347 quoniam
1210 1293 1375 1335 videtis
1408 1306 1481 1335 co-

212 1361 362 1410 mites,
402 1361 612 1411 barones,
653 1365 700 1400 et
751 1360 919 1401 milites
967 1364 1163 1410 vestros,
1214 1360 1337 1413 quod
1390 1373 1483 1401 non

213 1426 363 1481 solum
384 1427 519 1475 bona,
546 1439 701 1468 verum
729 1426 869 1466 etiam
904 1438 1099 1480 corpora
1128 1438 1213 1467 sua
1242 1439 1326 1479 pro
1351 1426 1484 1467 vobis

213 1497 452 1546 exponunt
477 1497 524 1533 et
556 1505 640 1546 pro
671 1497 795 1533 terra
814 1496 971 1533 vestra
994 1505 1082 1533 non
1119 1492 1266 1532 solum
1295 1492 1353 1533 ad
1380 1505 1486 1534 san-

213 1559 365 1611 guinis
396 1558 678 1608 effusionem,
699 1557 838 1599 immo
863 1557 1149 1611 frequentius
1182 1558 1240 1599 ad
1272 1563 1483 1600 mortem.

215 1625 276 1666 Et
298 1638 380 1666 vos
410 1625 567 1678 igitur,
599 1625 679 1678 qui
717 1637 912 1678 corpora
934 1629 1091 1666 vestra
1125 1637 1358 1678 exponere
1394 1638 1486 1666 non

213 1692 426 1745 potestis,
443 1691 622 1745 justum
659 1695 729 1732 est
762 1695 808 1732 et
848 1691 1016 1732 rationi
1057 1703 1310 1732 consonum
1344 1695 1396 1732 ut
1427 1691 1484 1732 de

215 1758 346 1799 bonis
379 1758 546 1799 vestris
582 1757 912 1798 subveniatis.’'
1001 1755 1280 1812 Adjecitque
1326 1758 1484 1799 subse-

214 1824 420 1878 quentia,
458 1829 510 1865 ut
546 1824 753 1877 placaret
788 1836 895 1875 eos;
943 1823 1080 1866 scivit
1115 1823 1236 1865 enim
1266 1836 1346 1865 eos
1383 1836 1485 1865 esse

214 1895 365 1932 motos
398 1903 482 1943 pro
520 1890 812 1930 immunitate
854 1889 1061 1931 ecclesiae
1097 1890 1286 1940 violata,
1318 1894 1364 1932 et
1402 1890 1483 1940 ait,

216 1960 243 1978 “
257 1956 380 2007 Quia
403 1961 611 1998 recenter
627 1960 639 1978 ‘
654 1954 787 1997 duo'³
809 1955 933 1997 facta
956 1961 1065 1997 sunt
1084 1956 1131 1996 in
1153 1957 1319 2009 quibus
1341 1956 1485 1997 admi-

215 2023 396 2073 ramini,
434 2023 619 2076 placare
654 2023 786 2063 vobis
818 2021 1030 2062 volumus
1068 2028 1114 2063 et
1150 2023 1197 2062 in
1231 2022 1317 2063 hac
1352 2027 1484 2075 parte

214 2089 506 2142 respondere.
589 2088 901 2141 Praecepimus
966 2087 1088 2141 quod
1148 2100 1304 2129 omnes
1364 2087 1483 2128 lanae

217 2160 353 2195 terrae
388 2159 716 2203 arestarentur,
747 2158 794 2194 et
816 2153 903 2195 hoc
937 2166 1030 2194 non
1061 2152 1160 2195 sine
1192 2166 1335 2195 causa
1375 2153 1484 2195 feci·

217 2233 334 2270 mus,
382 2221 490 2273 quia
534 2225 704 2261 nostrae
745 2219 999 2260 voluntatis
1040 2219 1126 2261 suit
1171 2224 1224 2261 ut
1257 2220 1314 2261 de
1354 2220 1485 2261 bonis

217 2294 352 2328 terrae
373 2287 477 2340 ipsa
501 2291 623 2327 terra
647 2290 997 2327 conservaretur
1011 2285 1173 2327 illaesa.
1234 2284 1377 2327 Aliud
1399 2291 1486 2336 est,

216 2353 375 2394 datum
418 2352 505 2393 fuit
543 2352 674 2393 nobis
714 2351 909 2404 intelligi
959 2352 1079 2405 quod
1121 2356 1305 2393 moneta
1350 2357 1486 2393 terrae

217 2424 387 2461 nostrae
412 2423 631 2471 corrupta
653 2418 737 2459 fuit
759 2423 805 2458 et
833 2418 1017 2467 falsata,
1039 2418 1160 2459 unde
1183 2418 1486 2471 praecepimus

217 2485 337 2539 quod
360 2490 585 2526 statutum
607 2488 804 2526 monetae
837 2484 882 2524 in
922 2497 1005 2524 suo
1040 2485 1201 2524 robore
1238 2490 1485 2534 teneretur,

218 2551 330 2593 nihil
378 2551 487 2592 mali
527 2551 846 2605 suspicantes;
890 2550 969 2592 sed
1009 2550 1055 2591 in
1091 2550 1177 2592 hoc
1215 2549 1338 2592 facto
1375 2548 1484 2592 con-

263 2734 273 2754 ι
298 2734 464 2774 Supplied
480 2734 564 2765 from
582 2734 659 2766 MS.
677 2735 803 2766 Lansd.
851 2739 855 2764 Ι
915 2755 927 2774 ³
950 2758 991 2788 ‘d
1052 2758 1057 2763 ,
1088 2757 1120 2770 ,,
1137 2757 1200 2788 MS
1232 2757 1257 2788 L
1321 2758 1341 2788 d

263 2779 276 2798 ²
300 2781 537 2821 ‘innno‚’MS.
556 2781 679 2812 Lansd.
852 2765 855 2814 Ι
994 2767 1109 2798 ‘'mfflla
1206 2779 1213 2789 ·
1259 2767 1318 2789 ans
1347 2782 1353 2790 .

1519 377 1638 402 Edward
1657 378 1682 404 1.

1515 410 1550 436 A.
1563 410 1597 435 D.
1610 412 1685 437 1294.
