2038 3306
335 452 455 478 ΗΜ
467 453 492 479 1.

327 487 363 511 A.
375 486 408 511 D.
422 487 497 512 1³01.

318 540 397 572 King
408 541 464 566 Ed-

530 327 617 368 202
1015 336 1293 367 cmzomcou

531 441 716 494 regibus
758 438 945 492 Angliae
992 437 1274 492 homagium,
1314 439 1582 481 fidelitatem
1633 442 1681 479 et
1730 437 1782 479 li-

532 507 754 560 gantiam,
790 508 843 545 ut
877 504 989 557 ligio
1027 504 1228 554 domino,
1265 511 1425 547 contra
1460 517 1638 546 omnem
1675 503 1783 544 ‘ho-

319 572 516 607 '““'·¹⁶P¹5·
532 569 749 613 minem.’¹
834 570 956 611 Item
975 569 1195 623 episcopi,
1215 570 1406 611 comites
1427 574 1475 611 et
1507 574 1520 592 ‘
1538 570 1733 611 barones
1746 567 1782 591 '⁵²

531 637 1004 679 conventionaverunt
1037 635 1111 688 (ut
1144 636 1296 676 verbis
1335 635 1542 689 ejusdem
1581 647 1780 676 conven-

531 703 669 745 tionis
687 699 894 756 utamur)
915 701 1100 742 domino
1123 701 1222 754 regi
1238 700 1441 754 ‘Angliae
1454 699 1489 722 '³
1513 705 1560 742 et
1575 700 1782 742 Henrico

532 769 625 810 filio
662 780 747 810 suo
783 767 1034 821 praedictis,
1061 766 1185 820 quod
1220 767 1263 808 si
1303 778 1386 807 rex
1421 765 1588 807 Scotiae
1628 765 1782 819 aliquo

531 847 641 876 casu
666 847 696 876 a
714 833 934 875 fidelitate
966 835 979 854 ‘
994 830 1169 885 regis’⁴
1197 830 1381 885 Angliae
1412 835 1460 873 et
1479 832 1782 873 conventione

530 900 749 953 praedicta
771 898 1017 947 recederet,
1035 898 1123 952 ipsi
1144 911 1248 939 cum
1267 898 1453 939 domino
1471 910 1580 951 rege
1600 896 1782 950 Angliae

467 990 470 993 -
531 966 765 1014 tenebunt,
806 965 926 1006 sicut
970 976 1073 1005 cum
1115 963 1226 1017 ligio
1267 963 1450 1005 domino
1482 976 1583 1013 suo,
1623 968 1783 1004 contra

530 1044 683 1084 regem
735 1030 918 1080 Scotiae,
958 1042 1197 1083 quousque
1246 1029 1305 1071 ad
1351 1029 1616 1070 fidelitatem
1658 1029 1781 1081 regis

531 1096 711 1149 Angliae
751 1095 924 1137 redeat.
995 1094 1146 1146 Quam
1184 1095 1367 1149 quidem
1407 1095 1780 1148 compositionem

528 1162 691 1203 foelicis
722 1160 1048 1202 recordationis
1075 1160 1330 1212 Gregorius
1349 1173 1473 1213 papa
1502 1159 1616 1209 ΙΧ.,
1640 1160 1687 1200 in
1713 1160 1781 1200 di·

528 1228 672 1268 versis
686 1226 916 1279 rescriptis
937 1225 1121 1278 regibus
1134 1224 1319 1278 Angliae
1334 1230 1382 1266 et
1398 1225 1566 1267 Scotiae
1581 1225 1782 1274 directis,

527 1292 764 1333 mandavit
789 1291 981 1332 firmiter
1013 1291 1264 1340 observari,
1284 1291 1622 1332 continentibus
1642 1290 1780 1332 etiam

527 1358 644 1399 inter
673 1362 841 1399 caetera
869 1356 990 1409 quod
1010 1356 1272 1398 Willelmus
1295 1361 1341 1398 et
1362 1355 1626 1398 Alexander
1647 1369 1780 1409 reges

528 1423 785 1473 Scotorum,
804 1423 990 1475 regibus
1009 1420 1193 1475 Angliae
1212 1422 1242 1464 J
1246 1422 1417 1464 ohanni
1436 1427 1482 1463 et
1504 1422 1708 1463 Henrico
1725 1422 1780 1462 li-

527 1491 649 1542 gium
669 1489 931 1542 homagium
950 1493 997 1529 et
1010 1487 1274 1529 fidelitatem
1293 1488 1524 1535 fecerunt;
1557 1500 1660 1541 quae
1680 1493 1780 1529 ten-

526 1561 661 1596 entur
675 1566 961 1596 successores
976 1566 1149 1603 eorum,
1164 1554 1369 1603 comites,
1382 1559 1430 1595 et
1444 1554 1638 1595 barones
1654 1551 1780 1605 regni

528 1620 711 1670 Scotiae,
735 1620 848 1673 ipsis
877 1623 924 1660 et
943 1619 1038 1660 suis
1059 1619 1400 1660 successoribus
1420 1619 1647 1660 exhibere.
1718 1618 1779 1659 Et

526 1686 706 1735 iterum,
729 1684 851 1738 quod
881 1696 983 1725 cum
1019 1684 1138 1725 idem
1166 1697 1250 1725 rex
1280 1684 1447 1726 Scotiae
1477 1684 1612 1726 homo
1641 1683 1779 1735 ligius

528 1751 589 1792 sit
611 1751 756 1804 ipsius
787 1749 981 1791 Henrici
1014 1750 1136 1802 regis
1166 1749 1366 1803 Angliae,
1388 1755 1436 1791 et
1460 1750 1606 1791 eidem
1636 1749 1780 1790 fideli-

529 1817 639 1858 tatis
670 1813 964 1869 ‘praestitit’⁵
990 1814 1319 1869 juramentum,
1343 1828 1434 1869 quo
1469 1828 1520 1857 se
1548 1815 1778 1869 principa-

529 1882 634 1923 liter
662 1881 895 1930 astrinxit,
919 1880 1040 1934 quod
1071 1881 1119 1920 in
1152 1881 1298 1933 ipsius
1320 1881 1450 1934 regni
1468 1886 1515 1922 et
1534 1881 1655 1933 regis
1676 1880 1777 1922 An-

528 1947 634 1999 gliae
662 1947 983 1988 detrimentum
1026 1945 1140 1986 nihil
1169 1945 1334 1987 debeat
1368 1946 1551 2000 penitus
1585 1951 1781 1999 attemp-

529 2017 642 2053 tare.
726 2012 788 2052 Et
828 2023 951 2065 papa
987 2010 1198 2052 Clemens
1232 2013 1434 2053 scribens
1465 2012 1564 2065 regi
1593 2010 1778 2064 Angliae

527 2091 610 2130 pro
646 2076 861 2119 Johanne
897 2077 1113 2130 episcopo
1147 2076 1304 2119 Sancti
1336 2076 1547 2127 Andreae,
1584 2077 1780 2130 expulso

527 2143 585 2184 ab
605 2143 872 2197 episcopatu
892 2154 977 2183 suo
995 2155 1077 2195 per
1096 2155 1250 2195 regem
1271 2143 1454 2193 Scotiae,
1473 2143 1594 2184 inter
1612 2147 1781 2184 caetera

526 2209 725 2261 rogavit,
750 2208 872 2261 quod
895 2207 1179 2249 Willelmum
1211 2222 1364 2261 regem
1385 2209 1552 2251 Scotiae
1575 2214 1780 2250 moveret

526 2279 572 2315 et
610 2274 860 2323 induceret,
898 2278 960 2322 et,
1000 2273 1040 2314 si
1080 2286 1266 2315 necesse
1309 2274 1461 2325 suerit,
1497 2273 1780 2321 districtione

526 2340 670 2392 regali
690 2352 782 2393 qua
797 2338 838 2380 ei
858 2343 872 2361 ‘
885 2334 1200 2391 praeeminet‚’⁶
1222 2345 1269 2381 et
1288 2353 1505 2381 concessa
1524 2352 1620 2381 suae
1640 2339 1779 2393 regiae

572 2493 582 2512 ¹
606 2495 800 2527 ‘hominem.
863 2494 908 2525 Et
936 2495 971 2525 in
1000 2494 1132 2535 signum
1213 2493 1226 2512 ²
1247 2497 1410 2528 ‘barones
1425 2497 1508 2528 dicti
1523 2497 1617 2536 regni
1633 2497 1780 2536 Scotiae‚’

524 2541 740 2581 subjectionis
749 2540 941 2581 hujusmodi
951 2540 1040 2572 idem
1050 2541 1135 2571 Wil-
1167 2543 1243 2574 Rot.

524 2587 644 2618 lelmus
687 2597 747 2619 rex
792 2587 913 2618 Scotiae
955 2587 1134 2627 capellum,
1213 2607 1227 2626 ³
1248 2610 1279 2642 Ο
1317 2610 1324 2617 .
1376 2610 1397 2640 d
1415 2610 1422 2617 .
1464 2610 1492 2640 R

523 2633 686 2671 lanceam,
715 2636 749 2664 et
777 2632 893 2664 sellam
924 2641 1004 2663 suos
1033 2641 1135 2671 super
1282 2613 1373 2641 'mtte
1414 2620 1447 2640 m
1494 2613 1539 2641 ot·

524 2680 628 2709 altare
643 2679 796 2710 ecclesiae
820 2678 910 2709 beati
936 2678 1028 2709 Petri
1045 2678 1134 2709 Ebo-
1213 2676 1226 2694 ⁴
1248 2676 1406 2717 ‘regum‚’
1424 2676 1499 2707 Rot.

523 2725 670 2755 racensis
699 2725 832 2764 obtulit,
859 2733 936 2763 quae.
960 2724 995 2754 in
1016 2723 1133 2754 eadem

524 2770 667 2800 ecclesia
676 2770 827 2809 usquein
838 2770 1034 2800 hodiernum
1045 2770 1133 2801 diem

524 2819 691 2846 remanent
706 2819 739 2846 et
754 2815 950 2855 servantur,'
965 2816 1041 2847 Rot.

1213 2743 1226 2762 ⁸
1248 2745 1258 2762 ‘
1268 2744 1486 2784 praestiterit,’
1501 2744 1576 2776 not.

1150 2839 1154 2851 ,
1213 2810 1227 2830 ⁶
1251 2814 1260 2829 ⁶
1272 2811 1469 2851 praeminet,'
1486 2812 1562 2843 Rot.
