2038 3306
314 432 433 458 Edward
446 432 487 458 11.

317 466 351 491 Α.
364 465 398 491 D.
413 466 487 491 1311.

302 694 473 726 Inquisition

301 735 377 760 upon
390 728 439 752 the

301 761 455 792 Templara,
469 759 500 784 in

301 795 351 819 the
368 793 501 825 province

302 828 334 852 os
344 826 433 852 York.

301 1485 422 1510 Articles

301 1517 482 1550 propounded

301 1551 474 1610 ssr‘ffimfflg

514 310 602 351 286
699 363 704 366 ῃ
1007 320 1285 352 οΗΒοΝιοοΝ

516 427 565 464 et
590 423 667 463 sic
702 427 840 463 caute
861 421 968 463 fecit
998 427 1045 463 et
1074 422 1193 464 bene
1217 423 1464 473 ordinavit,
1490 424 1613 477 quod
1645 428 1774 465 ante-

516 501 653 543 quam
684 487 1030 529 confirmaretur
1057 487 1229 529 electus
1264 489 1591 531 Dunolmensis
1614 489 1776 530 habuit

517 567 650 595 suam
682 553 917 606 pacificam
954 553 1282 603 visitationem,
1312 567 1415 607 quae
1451 567 1480 596 a
1511 555 1667 596 multis
1703 568 1772 596 re-

518 619 707 661 troactis
730 618 1010 672 temporibus
1031 618 1180 660 fuerat
1203 619 1504 661 contradicta.

577 684 767 726 Interim
801 684 1009 726 dominus
1038 683 1426 738 archiepiscopus,
1454 697 1512 726 ex
1543 691 1773 739 praecepto

518 750 689 791 domini
703 762 852 804 papae,
868 762 972 791 cum
989 749 1189 803 quodam
1205 750 1371 792 abbate
1386 754 1432 791 et
1449 762 1540 791 uno
1553 750 1774 792 archidia-

518 828 650 866 cono,
671 828 788 869 quos
808 828 837 857 a
855 815 1174 857 transmarinis
1193 815 1402 869 partibus
1422 815 1633 857 dominus
1654 828 1776 869 papa

519 881 578 922 ad
602 881 700 923 haec
722 881 983 935 specialiter
1005 881 1336 931 transmiserat,
1358 880 1466 922 fecit
1495 881 1776 934 singularem

518 947 859 1000 inquisitionem
880 960 909 988 a
927 945 1121 998 singulis
1145 946 1435 1000 Templariis,
1452 951 1498 988 et
1519 947 1774 988 examinari
1802 979 1807 984 .

520 1012 628 1054 fecit
641 1025 1010 1067 unumquemque
1017 1011 1330 1065 Templarium
1343 1025 1426 1066 per
1441 1025 1491 1053 se
1503 1025 1643 1065 super
1657 1025 1774 1066 prae-

519 1078 671 1119 missis
700 1079 748 1120 in
779 1078 1045 1132 supradicta
1078 1077 1204 1118 bulla
1234 1078 1477 1120 contentis,
1548 1077 1770 1131 Misitque

519 1143 576 1184 ad
598 1143 783 1196 singula
803 1143 1078 1184 monasteria
1100 1147 1146 1184 et
1170 1143 1227 1184 ad
1255 1143 1502 1195 magistros
1531 1143 1774 1196 theologiae

519 1209 661 1250 totius
698 1209 943 1262 provinciae
974 1220 1071 1249 suae
1101 1213 1251 1249 certos
1280 1208 1500 1249 articulos
1529 1220 1559 1249 a
1587 1208 1775 1262 quibus-

518 1274 621 1315 dam
646 1273 924 1327 Templariis
957 1273 1258 1323 confessatos,
1281 1285 1421 1327 super
1440 1274 1605 1327 quibus
1630 1286 1775 1327 usque

518 1339 576 1380 ad
597 1339 839 1381 concilium
856 1351 991 1380 suum
1011 1338 1292 1392 provinciale
1311 1339 1531 1393 praecepit
1549 1340 1615 1381 eis
1634 1339 1777 1381 libros

517 1404 770 1455 consulere,
791 1409 839 1446 et
860 1405 908 1446 in
937 1405 1096 1447 eodem
1122 1405 1314 1447 concilio
1346 1405 1404 1446 ad
1435 1405 1640 1458 singulos
1663 1407 1774 1447 arti·

517 1471 646 1513 culos
664 1470 918 1512 consultius
935 1470 1224 1524 respondere.
1294 1469 1492 1512 Articuli
1513 1483 1623 1512 vero
1646 1477 1778 1513 erant

516 1536 608 1579 isti.
678 1539 709 1559 “
727 1535 928 1588 Quidam
945 1536 1001 1577 de
1019 1535 1311 1589 TemplariiS,
1335 1536 1456 1590 apud
1477 1536 1679 1578 Eborum
1697 1550 1775 1578 ex-

518 1602 727 1652 aminati,
768 1602 964 1643 confessi
1004 1606 1112 1643 sunt
1156 1602 1278 1654 quod
1323 1614 1517 1654 magnus
1556 1603 1778 1655 magister

518 1667 708 1717 ordinis,
727 1667 990 1708 visitatores
1012 1671 1059 1708 et
1089 1672 1410 1720 praeceptores,
1433 1667 1642 1720 quisunt
1672 1668 1777 1709 laici

518 1738 564 1774 et
585 1732 771 1786 quidam
793 1745 947 1774 eorum
965 1732 1148 1782 milites,
1170 1737 1360 1786 possunt
1382 1732 1549 1773 fratres
1568 1745 1677 1774 suos
1699 1735 1775 1775 ab-

518 1798 713 1847 solvere,
734 1803 782 1839 et
804 1810 882 1839 eos
915 1797 1162 1839 absolvunt
1181 1798 1226 1838 in
1255 1797 1475 1851 capitulo,
1496 1797 1777 1851 injungendo

519 1864 586 1905 eis
608 1863 926 1917 poenitentiam
950 1875 1034 1916 pro
1060 1863 1276 1916 peccatis.
1345 1862 1594 1913 Quaeritur,
1624 1869 1777 1905 utrum

519 1942 578 1977 ex
611 1929 697 1970 hac
730 1928 1013 1970 confessione
1041 1929 1217 1981 possint
1250 1933 1297 1969 et
1328 1928 1524 1970 debeant
1559 1934 1773 1983 tanquam

520 1994 720 2042 haeretici
751 1994 1074 2035 condemnari?
1146 1993 1267 2035 Item
1287 1994 1484 2035 confessi
1509 2000 1634 2044 sunt,
1654 1997 1775 2049 quod

520 2060 684 2103 fratres
706 2059 829 2100 illius
843 2059 1015 2101 ordinis
1030 2059 1187 2101 statim
1209 2059 1255 2099 in
1277 2059 1552 2101 admissione
1569 2072 1655 2101 sua
1669 2067 1779 2103 sunt

520 2125 728 2179 professi,
747 2130 794 2167 et
814 2125 937 2178 quod
952 2126 1114 2181 jurant
1134 2138 1184 2166 se
1204 2137 1296 2166 non
1317 2125 1444 2166 exire
1461 2124 1663 2166 ordinem
1682 2128 1779 2169 sine

519 2192 706 2233 licentia
747 2191 848 2245 ejus
889 2191 969 2244 qui
1008 2204 1110 2232 eam
1150 2190 1259 2232 dare
1302 2196 1469 2243 potest.
1531 2190 1779 2241 Quaeritur.

521 2262 674 2298 utrum
710 2256 796 2298 hoc
832 2257 894 2298 sit
928 2268 1186 2306 erroneum,
1216 2260 1264 2297 et
1295 2255 1336 2296 si
1371 2256 1453 2305 sic,
1481 2268 1599 2298 anne
1627 2259 1780 2311 sapiat

521 2322 784 2364 haereticam
836 2321 1143 2376 pravitatem?
1239 2320 1358 2362 Item
1411 2321 1607 2362 confessi
1657 2330 1779 2375 sunt,

521 2388 643 2442 quod
664 2388 711 2429 in
732 2388 991 2442 receptione
1013 2388 1205 2428 fratrum
1222 2399 1313 2427 non
1332 2386 1500 2428 debent
1517 2400 1618 2429 esse
1635 2389 1778 2443 aliqui

521 2459 769 2507 praesentes
814 2453 900 2494 nisi
938 2453 1132 2500 fratres;
1187 2458 1233 2493 et
1271 2452 1392 2505 quod
1427 2452 1585 2493 modus
1623 2467 1777 2508 recep-

522 2520 660 2560 tionis
696 2531 852 2560 eorum
878 2524 948 2559 est
979 2518 1034 2558 de
1067 2517 1254 2558 secretis
1285 2517 1494 2571 capituli,
1519 2517 1634 2559 adeo
1658 2521 1777 2572 quod

522 2598 604 2625 nec
629 2589 821 2637 possunt
846 2597 928 2624 nec
955 2580 1121 2624 debent
1157 2596 1260 2623 eum
1293 2583 1526 2624 extraneis
1561 2585 1776 2627 revelare.

522 2649 773 2700 Quaeritur,
791 2654 944 2690 utrum
965 2649 1089 2690 istud
1110 2649 1170 2689 sit
1191 2648 1399 2688 illicitum
1421 2648 1492 2689 vel
1509 2654 1776 2693 erroneum?

521 2720 567 2755 et
594 2720 746 2756 utrum
780 2721 871 2756 tam
907 2713 1179 2768 suspicionis
1213 2720 1372 2754 contra
1404 2713 1607 2755 ordinem
1641 2729 1777 2768 quam

521 2781 680 2821 modus
725 2780 1021 2833 professionis
1067 2780 1111 2820 in
1154 2792 1202 2820 se
1244 2779 1478 2820 contineat
1519 2779 1776 2823 haereticam
