1992 3202
447 286 674 319 WALTERI
711 287 774 316 DE
811 285 1187 317 HEMINGBURGH.
1390 274 1447 314 41

179 393 317 434 tubus
338 392 385 433 in
403 394 415 413 ‘
432 390 478 432 N
482 389 804 432 ormanniam’¹
832 390 1072 444 applicans
1092 388 1262 430 mansit
1283 387 1450 429 ibidem
1485 399 1648 458 ξᾱῦεπιιιῖἐ3

180 458 341 499 diebus
365 457 567 510 aliquot3
591 469 786 509 cumque
813 456 886 497 die
908 455 1107 509 quadam
1129 454 1453 508 egrederentur
1470 450 1593 526 Dispute
1609 451 1658 518 Μ’

181 524 273 564 duo
299 528 452 565 nautae
488 527 539 564 ut
570 535 628 564 ex
663 522 861 575 quodam
894 522 1020 563 fonte
1043 521 1209 562 ibidem
1237 520 1451 574 proximo
1469 527 1630 553 tweenthe

1468 561 1609 586 mni-iners
1621 559 1653 584 or

183 602 351 642 aquam
387 589 474 630 sibi
515 588 695 630 dulcem
731 593 777 629 et
810 587 1159 629 desiderabilem
1200 586 1452 636 haurirent,
1469 593 1637 653 ggfflndy

183 655 378 708 contigit
409 655 591 697 eosdem
614 654 782 696 ibidem
806 654 1010 695 invenire
1034 653 1307 694 marinarios
1328 651 1451 693 Nor·
1469 659 1674 692 cinquePorts-

184 734 393 770 manum,
424 734 453 762 a
483 721 649 774 quibus
673 720 842 761 irritati
879 719 1183 760 movebantur
1213 718 1271 759 ad
1295 718 1454 768 verba,

185 792 232 829 et
263 787 319 828 de
343 787 492 828 verbis
526 786 583 827 ad
608 786 812 833 verbera,
834 789 882 826 et
916 784 1101 825 tandem
1133 783 1254 824 ferro
1290 784 1454 837 agitati

186 866 307 894 unus
342 865 499 894 eorum
534 851 765 900 occubuit,
793 849 1003 903 fugitque
1037 849 1155 891 alter
1189 854 1236 890 et
1266 862 1316 890 se
1350 862 1454 890 cum

186 919 322 960 sociis
346 918 443 958 suis
466 918 514 958 in
544 929 711 957 navem
741 915 928 968 recepit,
952 915 1178 956 nuncians
1208 915 1275 956 eis
1296 927 1453 955 casum

188 990 233 1026 et
255 984 500 1025 adventum
528 982 902 1024 Normannorum
932 980 1270 1034 insequentium
1286 983 1299 1001 ‘
1317 994 1456 1034 prox-

188 1049 383 1091 imum.’²
415 1049 623 1102 Cumque
643 1048 690 1088 in
712 1047 858 1089 altum
880 1046 1115 1097 ducerent,
1134 1051 1187 1088 ut
1207 1047 1272 1088 sic
1293 1047 1455 1088 saltem

188 1116 467 1164 laberentur,
489 1114 685 1155 insecuti
707 1118 816 1155 sunt
838 1112 996 1155 hostes
1021 1118 1073 1155 ut
1106 1125 1185 1154 eos
1206 1112 1460 1166 apprehen-

190 1182 378 1233 derent;
421 1181 499 1222 sed
534 1186 689 1222 tamen
726 1180 1020 1233 insequentes
1056 1192 1160 1221 cum
1190 1178 1459 1220 difficultate

192 1249 471 1289 transierunt
494 1246 766 1288 nunciantes
796 1246 909 1287 talia
936 1245 1194 1286 marinariis
1215 1245 1272 1286 de
1294 1245 1460 1286 Portu-

191 1315 294 1364 bus,
317 1319 362 1355 et
386 1326 543 1354 eorum
566 1312 740 1354 auxilia
760 1316 1082 1366 exposcentes,
1105 1324 1188 1353 nec
1208 1311 1337 1352 furor
1356 1324 1460 1364 per—

193 1380 481 1433 sequentium
505 1379 570 1420 ita
594 1378 835 1432 requievit,
857 1377 936 1419 sed
967 1377 1208 1419 associatis
1230 1378 1296 1419 eis
1316 1376 1460 1431 pluri-

193 1447 278 1487 bus
316 1458 458 1487 naves
493 1442 779 1497 Anglicanas
813 1444 860 1484 in
891 1444 1007 1484 mari
1036 1443 1329 1497 quaesierunt.
1401 1443 1461 1484 Et
1479 1455 1635 1481 Navalen-

194 1524 295 1552 cum
330 1511 402 1552 die
424 1510 622 1563 quadam
654 1522 737 1550 sex
775 1508 1061 1561 Anglicanas
1097 1522 1240 1550 naves
1278 1509 1460 1550 obviam
1478 1490 1640 1532 “gemm“

194 1577 477 1626 habuissent,
508 1575 690 1617 easdem
729 1574 959 1616 hostiliter
991 1575 1199 1628 aggressi
1239 1574 1353 1616 duas
1403 1588 1462 1616 ex

194 1644 306 1697 ipsis
328 1642 544 1684 continuo
571 1646 862 1695 peremerunt
891 1641 1225 1695 suspendentes
1258 1641 1464 1682 homines

195 1723 300 1751 cum
324 1708 512 1750 canibus
550 1711 563 1730 ‘
580 1707 638 1750 ad
661 1708 837 1749 trabes’
851 1706 866 1728 ³
889 1707 1076 1748 navium
1102 1719 1306 1756 suarum,
1328 1712 1375 1748 et
1398 1707 1464 1748 sic

196 1789 278 1829 per
313 1788 438 1816 mare
471 1775 743 1827 navigantes
781 1773 954 1814 nullam
991 1773 1220 1815 faciebant
1258 1773 1467 1814 differen-

198 1842 310 1883 tiam
341 1843 460 1893 inter
493 1853 652 1882 canem
687 1845 734 1882 et
755 1838 1020 1893 Anglicum.
1092 1838 1210 1890 Quae
1238 1852 1339 1880 cum
1368 1852 1465 1882 ma-

197 1907 379 1948 rinariis
393 1911 406 1929 ‘
420 1907 476 1948 de
493 1907 729 1948 Portubus
745 1906 755 1922 ’
768 1904 785 1927 ⁴
802 1919 830 1947 a
851 1906 1030 1948 caeteris
1052 1905 1333 1958 fugientibus
1349 1906 1466 1947 dice-

197 1978 369 2023 rentur,
391 1986 500 2015 mox
521 1972 786 2025 conglobati
812 1977 859 2014 et
886 1973 935 2013 in
967 1972 1084 2013 tanti
1116 1972 1348 2025 opprobrii
1367 1972 1468 2012 vin-

199 2039 366 2081 dictam
398 2038 632 2081 fremendo
662 2038 871 2088 animati,
903 2037 1057 2079 hostes
1092 2042 1284 2078 caeteros
1306 2037 1470 2090 quaesi-

201 2110 349 2155 erunt,
382 2111 429 2146 et
449 2118 553 2146 cum
585 2118 678 2146 non
708 2104 965 2145 invenirent
996 2103 1052 2143 ad
1081 2108 1243 2144 votum
1274 2102 1470 2155 ingressi

201 2177 308 2212 sunt
342 2175 555 2224 potenter
584 2175 768 2223 portum
798 2169 855 2209 de
884 2166 1046 2222 Swyn⁵
1075 2173 1128 2210 ut
1165 2181 1222 2209 ex
1260 2168 1470 2209 hostibus

201 2238 298 2278 suis
327 2236 574 2277 vindictam
601 2238 887 2288 expeterent,
913 2234 992 2275 ubi
1022 2233 1276 2276 interfectis
1306 2234 1471 2288 aliqui-

202 2303 287 2344 bus
328 2307 374 2344 et
396 2294 744 2355 ‘quibusdam'⁶
782 2300 1031 2341 submersis
1070 2313 1152 2341 sex
1193 2300 1298 2341 inde
1327 2312 1470 2342 naves

201 2373 415 2422 potenter
450 2367 757 2417 adduxerunt,
779 2371 826 2407 et
857 2371 1028 2407 extunc
1060 2365 1164 2407 hinc
1194 2366 1299 2406 inde
1334 2378 1472 2406 vaea-

202 2436 314 2476 bant
366 2433 769 2486 congressionibus
814 2432 984 2473 mutuis
1027 2432 1243 2484 utrinque
1286 2431 1473 2484 sangui-

203 2514 306 2542 nem
340 2500 548 2542 sitientes
582 2512 687 2540 cum
712 2497 965 2550 naufragiis
998 2502 1044 2539 et
1074 2498 1261 2550 rapinis.
1334 2497 1472 2539 Cum-

251 2642 259 2660 ¹
283 2644 293 2661 ‘
308 2643 540 2683 Normannia,'
556 2643 657 2675 MSS.
890 2639 916 2717 (1⁴
939 2641 949 2658 ‘
962 2638 1110 2718 ulei-’gig
1127 2640 1207 2717 MSq:
1216 2641 1362 2716 ssansdq
1379 2642 1473 2673 omit-

856 2691 888 2718 te
929 2688 961 2717 in
1047 2710 1055 2718 .
1105 2689 1163 2718 ott.
1211 2688 1218 2717 i
1247 2711 1255 2719 .

902 2731 915 2751 ⁵
939 2733 1009 2764 The
1026 2735 1101 2772 port
1115 2732 1152 2764 of
1163 2733 1277 2773 Sluys.

249 2780 262 2798 ³
285 2780 295 2797 ‘
307 2780 340 2810 in
356 2777 534 2819 trabibus‚'
551 2779 627 2810 MS.
645 2779 771 2810 Lansd.
903 2777 916 2796 ⁶
937 2779 947 2796 ‘
961 2779 1099 2819 multis‚’
1116 2779 1191 2812 MS.
1209 2779 1335 2812 Lansd.

248 2710 261 2727 ²
285 2713 294 2729 ‘
310 2711 497 2751 proximi&
514 2712 590 2742 MS.
607 2711 731 2742 Lansd.
