2038 3306
545 294 632 334 414
1033 305 1309 337 canonicor«

331 419 452 478 {mgr}
457 418 528 477 3{151-
545 409 708 451 dantes
752 421 906 450 amore
946 413 1040 450 tam
1085 409 1334 450 fructuosae
1377 409 1522 462 pacis,
1565 414 1659 451 tam
1702 410 1803 451 Deo

331 470 440 533 1312.qu
455 469 529 538 Pop}
547 474 803 529 placabilis,
862 479 909 516 et
975 474 1141 516 nedum
1208 474 1334 515 utilis
1389 475 1469 516 sed
1533 476 1803 517 necessariae

329 540 523 605 3322?ssssss
547 541 767 595 praedicto
829 540 1015 593 negotio
1080 540 1404 588 transmarino,
1459 540 1570 581 totis
1632 542 1805 582 viribus

330 605 496 665 i'vssfflgfm
549 607 741 648 fideliter
772 610 818 647 et
850 606 1007 647 sedule
1042 605 1266 647 laborare.
1337 604 1566 656 Quocirca
1598 607 1806 659 magnifi—

548 672 745 714 centiam
795 672 968 724 regiam
1015 671 1162 726 plenis
1212 671 1512 724 deprecamur
1551 670 1807 721 affectibus,

549 743 595 779 et
632 750 848 790 rogamus
891 741 1066 779 attente
1101 737 1320 790 quatinus
1366 736 1453 777 hiis
1493 741 1539 777 et
1580 738 1807 778 contentis

548 804 595 844 in
632 803 734 844 aliis
772 804 941 845 nostris
973 803 1116 844 literis
1162 802 1272 844 dicti
1306 803 1479 855 negotii
1514 803 1807 843 transmarini

549 874 722 911 statum
757 869 938 923 plenius
973 868 1359 918 describentibuS„
1379 867 1616 909 intellectu
1654 869 1730 922 pio
1761 874 1807 910 et

549 935 750 988 benigno
783 935 988 976 collectis
1021 940 1067 976 et
1108 935 1229 975 intra
1261 934 1465 975 claustra
1504 934 1571 975 tui
1608 935 1806 988 pectoris

549 1001 814 1054 diligentius
851 1000 1102 1050 recensitis,
1132 1013 1222 1041 non
1253 1000 1310 1041 ad
1345 1012 1556 1052 guerram
1586 1000 1643 1040 ad
1668 1012 1806 1054 quam

549 1071 596 1108 te
640 1079 803 1120 parare
847 1066 1003 1120 plures
1047 1071 1275 1116 asserunt,
1317 1065 1439 1118 quod
1483 1065 1668 1106 credere
1716 1079 1807 1107 non

551 1132 772 1182 valemus,
802 1133 1002 1173 maxime
1028 1137 1217 1186 propter
1244 1136 1433 1184 treugas
1467 1130 1638 1171 dudum
1669 1131 1807 1172 initas

544 1196 823 1251 juramento,
863 1202 1002 1251 prout
1041 1197 1263 1238 celsitudo
1306 1196 1434 1249 regia
1475 1209 1566 1236 non
1608 1197 1808 1248 ignorat,

550 1263 769 1312 firmatas,
791 1263 939 1304 adhuc
962 1275 1107 1315 usque
1132 1262 1190 1303 ad
1220 1261 1388 1303 festum
1411 1262 1536 1302 beati
1562 1261 1807 1303 Michaelis

550 1329 762 1382 proximo
791 1327 1019 1377 futurum,
1034 1333 1080 1369 et
1109 1327 1275 1369 abinde
1305 1327 1493 1368 inantea
1522 1340 1604 1381 per
1638 1340 1808 1369 annum

551 1407 690 1435 unum
730 1394 943 1435 continue
972 1394 1233 1443 duraturas,
1257 1393 1337 1434 sed
1367 1394 1521 1446 potius
1559 1393 1616 1434 ad
1649 1406 1808 1447 pacem

550 1460 718 1502 mundo
759 1460 1103 1501 desiderabilem
1144 1459 1446 1500 effectualiter
1487 1463 1534 1500 te
1575 1459 1806 1512 disponas,

549 1531 739 1578 treugas
777 1526 902 1580 ipsas
943 1539 1074 1580 quas,
1110 1530 1248 1579 prout
1294 1525 1433 1566 habet
1475 1524 1650 1566 relatus
1692 1538 1806 1579 quo-

548 1591 741 1632 rundam
782 1591 1084 1645 displicibilis,
1133 1590 1277 1644 aliqui
1326 1591 1382 1631 de
1434 1597 1566 1644 parte
1616 1595 1697 1632 tua
1741 1592 1808 1632 in-

549 1656 747 1710 fringere
794 1657 1057 1706 moliuntur,
1105 1656 1249 1697 facias
1304 1655 1643 1709 inviolabiliter,
1687 1657 1809 1699 sicut

551 1722 684 1764 decet
724 1723 1010 1764 honestatem
1059 1723 1248 1775 regiam,
1294 1722 1558 1770 observari;
1618 1735 1720 1763 cum
1762 1728 1809 1764 et

552 1787 771 1841 praefatus
806 1802 889 1829 rex
922 1789 1131 1829 Franciae
1166 1788 1240 1828 cui
1277 1788 1643 1829 observationem
1688 1793 1810 1829 treu-

552 1866 716 1906 garum
753 1856 958 1908 ipsarum
1005 1859 1052 1895 et
1092 1853 1363 1906 quibusdam
1416 1853 1517 1893 aliis
1560 1858 1808 1895 tractatum

553 1919 822 1972 praedictum
843 1919 1155 1972 tangentibus,
1179 1931 1260 1972 per
1289 1918 1591 1959 venerabilem
1621 1918 1810 1961 fratrem

554 1989 759 2026 nostrum
797 1984 1053 2026 Guidonem
1089 1984 1353 2038 episcopum
1383 1983 1552 2025 Edweii
1592 1985 1808 2027 seriosius

555 2050 900 2103 scripseramus,
923 2051 1054 2092 nobis
1083 2050 1318 2103 rescripsit
1343 2062 1392 2090 se
1421 2049 1538 2091 velle
1565 2051 1808 2104 praedictas

554 2120 742 2169 treugas
762 2129 947 2158 servare
967 2121 1013 2158 et
1033 2120 1255 2170 quantum
1278 2116 1326 2156 in
1358 2128 1412 2156 eo
1444 2121 1544 2157 erat
1574 2115 1810 2170 hucusque

554 2181 881 2223 inviolabiliter
943 2183 1225 2231 observasse,
1290 2186 1337 2223 et
1401 2182 1523 2234 quod
1577 2182 1691 2223 inibi
1759 2188 1810 2224 tu

555 2248 747 2289 nuncios
772 2253 877 2289 tuos
906 2249 963 2290 ad
986 2253 1190 2289 nostram
1219 2247 1510 2300 praesentiam
1539 2247 1810 2298 destinares,

554 2313 652 2366 ipse
684 2327 792 2355 suos
823 2314 1024 2356 mitteret
1054 2326 1191 2366 super
1226 2313 1312 2354 hiis
1351 2326 1454 2366 quae
1484 2314 1811 2366 scripseramus

556 2379 699 2420 eidem
735 2380 913 2432 plenius
946 2380 1230 2421 informatos.
1303 2378 1533 2419 Caeterum
1563 2392 1701 2433 super
1731 2380 1811 2421 illa

555 2445 894 2498 dispensatione
930 2458 1066 2499 quam
1100 2457 1156 2485 ne
1188 2444 1458 2485 desideratae
1494 2445 1620 2498 pacis
1656 2446 1811 2487 obsta-

557 2511 708 2551 culum
759 2513 960 2564 praebere
1002 2511 1171 2559 valeat,
1215 2514 1261 2551 et
1313 2523 1370 2550 ex
1427 2510 1530 2550 aliis
1583 2511 1719 2552 certis
1766 2517 1811 2552 et

558 2577 903 2618 rationabilibus
917 2578 1083 2626 causis,
1097 2577 1152 2617 de
1165 2576 1383 2629 praesenti
1398 2588 1487 2615 non
1505 2576 1809 2626 concedimus,

558 2655 639 2682 nos
679 2642 847 2684 habeat
891 2643 1060 2696 regalis
1104 2641 1375 2682 excellentia
1424 2653 1684 2693 quaesumus
1731 2655 1811 2683 ex-

556 2712 755 2750 cusatos.
820 2709 990 2750 Datum
1031 2707 1261 2750 Avinione
1290 2718 1340 2747 X.
1371 2705 1593 2748 kalendas
1617 2706 1810 2761 Aprilis,

556 2784 675 2814 anno
699 2784 770 2814 111.
