2038 3306
528 315 616 357 246
1017 327 1298 360 οηκοΝιοοΝ

333 437 492 497 ξᾱῧεῇἔᾶ
533 443 635 471 eum
650 434 948 472 accusaverat
961 430 1082 484 apud
1096 444 1246 485 regem
1262 430 1460 486 Angliae,
1475 438 1521 475 et
1536 446 1664 475 suam
1682 445 1787 475 con-

363 489 369 496 ’
407 489 414 496 ”
443 487 450 494 ’
495 489 503 497 ’
533 496 751 539 ditionem
776 496 1133 538 deterioraverat
1161 498 1208 538 in
1229 497 1444 540 damnum
1466 499 1625 553 ipsius.
1695 499 1787 550 Qui

534 576 639 604 cum
673 561 861 616 pacifice
890 562 1156 616 loqueretur
1189 569 1235 605 et
1268 570 1512 607 excusaret
1547 578 1612 616 se,
1642 565 1791 608 noluit

535 628 754 670 exaudire
787 641 1039 670 sermonem
1076 628 1192 683 ejus,
1223 629 1319 679 sed,
1347 634 1400 671 ut
1431 631 1788 684 conspiraverat,

534 695 760 748 percussit
782 707 883 736 eum
909 694 1024 748 pede
1050 699 1096 736 et
1129 694 1298 748 gladio,
1323 700 1369 736 et
1391 700 1637 737 retrorsum
1661 697 1788 739 abiit.

536 760 602 802 At
637 761 707 802 sui
744 766 914 802 extunc
955 761 1243 814 insequentes
1281 774 1401 811 eum,
1441 767 1792 815 prostraverunt

536 840 639 868 eum
657 827 703 867 in
724 827 987 881 pavimento
1005 825 1181 876 altaris,
1197 839 1279 880 pro
1298 833 1478 869 mortuo
1495 828 1788 869 dimittenteS.

538 892 754 935 Cucurrit
784 899 936 934 autem
973 892 1158 946 quidam
1192 893 1322 934 miles
1355 906 1414 934 ex
1445 894 1555 943 suis,
1579 893 1790 935 dominus

540 959 771 1000 Robertus
813 958 991 1012 Comyn
1028 958 1280 999 avunculus
1320 959 1436 1013 ejus,
1478 963 1531 1000 ut
1567 959 1789 1000 auxilium

538 1025 678 1066 ferret
699 1025 740 1066 ei
759 1041 771 1073 ;
805 1024 884 1066 sed
905 1025 1101 1066 occurrit
1122 1024 1162 1065 ei
1181 1024 1491 1066 Christoforus
1523 1025 1578 1066 de
1599 1024 1788 1074 Sethon‚

541 1091 621 1144 qui
655 1103 856 1132 sororem
890 1089 1059 1131 domini
1103 1089 1296 1131 Roberti
1336 1090 1392 1132 de
1430 1091 1552 1131 Brus
1592 1091 1791 1132 duxerat

539 1157 586 1198 in
608 1169 816 1204 uxorem,
837 1160 884 1197 et
911 1156 1139 1210 percussit
1170 1161 1310 1208 caput
1341 1156 1441 1210 ejus
1468 1156 1515 1196 in
1543 1156 1713 1208 gladio,
1744 1161 1791 1198 et

539 1227 747 1263 mortuus
797 1227 882 1263 est.
961 1221 1278 1274 Egressusque
1321 1226 1392 1262 est
1440 1221 1648 1263 dominus
1694 1221 1792 1264 Ro·-

529 1288 695 1329 ·bertus
735 1287 792 1328 de
833 1287 971 1336 Brus,
1014 1291 1061 1328 et
1106 1287 1265 1328 videns
1301 1287 1583 1328 dextrarium
1620 1287 1792 1330 domini

539 1353 766 1395 Johannis
796 1353 1069 1406 elegantem,
1100 1352 1304 1394 ascendit
1334 1353 1381 1394 in
1409 1366 1541 1405 eum3
1574 1354 1789 1396 ascende-

537 1425 736 1473 runtque
772 1419 844 1461 sui
873 1432 974 1460 cum
1011 1431 1080 1468 eo,
1115 1423 1162 1460 et
1192 1418 1383 1472 profecti
1418 1423 1528 1460 sunt
1560 1432 1706 1474 usque
1740 1419 1789 1461 in

538 1491 753 1535 castrum,
776 1490 824 1527 et
849 1490 1067 1539 ceperunt
1095 1485 1222 1526 illud.
1293 1485 1500 1538 Cumque
1529 1485 1791 1539 divulgare—

541 1557 616 1594 tur
656 1552 777 1606 quod
820 1552 991 1593 sactum
1034 1551 1200 1600 fuerat,
1241 1557 1538 1592 cucurrerunt
1585 1552 1642 1593 ad
1684 1565 1788 1594 eum

540 1618 680 1660 Scoti,
751 1618 811 1659 Et
845 1617 1084 1672 justitiarii
1129 1617 1341 1658 timentes
1382 1616 1485 1666 sibi,
1524 1617 1788 1659 clauserunt

539 1684 659 1725 ostia
687 1683 806 1725 aulae
832 1684 879 1724 in
899 1695 993 1736 qua
1026 1682 1248 1724 sedebant
1274 1695 1373 1723 cum
1401 1671 1559 1735 pauc'is
1578 1682 1788 1736 Anglicis

540 1750 620 1803 qui
655 1755 786 1791 erant
821 1762 924 1790 cum
968 1749 1066 1790 eis:
1110 1747 1230 1801 quod
1271 1748 1461 1790 audiens
1501 1748 1613 1802 ipse,
1644 1749 1788 1803 jussit

538 1816 689 1868 ignem
717 1814 901 1872 apponi,
939 1814 1029 1855 nisi
1054 1814 1291 1856 confestim
1322 1814 1560 1856 redderent
1591 1827 1697 1866 eos3
1740 1820 1788 1857 at

537 1882 606 1922 illi
644 1882 865 1922 dederunt
903 1893 967 1929 se,
1008 1880 1149 1922 vitam
1192 1880 1481 1933 postulantes
1523 1886 1569 1921 et
1608 1881 1788 1922 salvum

526 1960 773 2000 >egressum
812 1959 840 1988 a
878 1950 1016 1996 terra,
1056 1946 1177 1999 quod
1221 1950 1267 1986 et
1307 1946 1407 1999 ipse
1442 1947 1667 1988 concessit
1705 1947 1787 1989 eis.

539 2012 717 2064 Quibus
746 2013 813 2054 ita
843 2013 1003 2065 gestis,
1026 2011 1359 2053 nunciaverunt
1381 2011 1422 2053 ei
1442 2012 1627 2065 quidam
1648 2012 1788 2053 male-

538 2079 631 2120 voli
689 2078 812 2132 quod
862 2077 1072 2119 dominus
1122 2077 1359 2119 ,Iohannes
1410 2076 1587 2131 Comyn
1638 2078 1786 2119 adhuc

535 2145 738 2195 viveret3
781 2143 947 2185 fratres
985 2143 1104 2184 enim
1142 2148 1493 2197 asportaverant
1530 2156 1631 2184 eum
1670 2143 1789 2185 infra

537 2210 814 2252 vestibulum
854 2209 1028 2259 altaris,
1064 2213 1116 2250 ut
1154 2209 1487 2251 medicarentur
1520 2209 1562 2250 ei
1596 2214 1641 2250 et
1681 2222 1789 2251 con-

537 2277 742 2318 fiteretur
767 2280 958 2329 peccata
979 2288 1079 2317 sua.
1150 2274 1244 2326 Qui
1272 2288 1374 2316 cum
1409 2274 1644 2316 confessus
1669 2281 1790 2317 esset

537 2347 584 2384 et
614 2355 720 2384 vere
750 2342 993 2396 poenitens,
1011 2341 1147 2395 jussu
1179 2341 1364 2395 tyranni
1397 2345 1635 2382 extractus
1664 2346 1735 2382 est
1760 2354 1789 2382 a

535 2409 778 2457 vestibulo,
811 2412 858 2449 et
896 2408 943 2448 in
975 2407 1192 2459 gradibus
1229 2406 1415 2461 majoris
1455 2406 1614 2447 altaris
1646 2406 1787 2448 inter-

535 2474 697 2524 fectus,
733 2474 798 2516 ita
829 2473 951 2527 quod
984 2473 1172 2525 sanguis
1206 2472 1349 2525 ipsius
1384 2472 1588 2513 tabulam
1626 2472 1786 2513 altaris

320 2555 373 2580 and
387 2555 466 2586 gains
536 2541 704 2594 tetigit,
728 2545 774 2581 et
797 2539 935 2581 etiam
955 2539 1104 2592 ipsum
1135 2538 1294 2579 altare.
1366 2537 1588 2578 Circuivit
1619 2542 1790 2578 extunc

320 2589 476 2620 possession
490 2590 520 2614 of

321 2622 517 2662 theprincipal
535 2611 702 2647 terram
742 2605 924 2654 Scotiae,
961 2603 1226 2657 occupando
1257 2607 1303 2644 et
1341 2603 1586 2644 muniendo
1621 2608 1788 2653 castra,

320 2656 474 2715 ῗοῖῗῖἳὲζζε.
536 2677 582 2712 et
627 2671 932 2726 depraedando
975 2675 1121 2712 terras
1172 2669 1356 2718 mortui,
1407 2668 1712 2721 fugeruntque
1762 2682 1790 2710 a

535 2737 648 2778 facie
677 2738 821 2790 ipsius
855 2741 1067 2790 parentes
1101 2735 1318 2784 defuncti,
1343 2739 1389 2776 et
1417 2747 1571 2776 omnes
1602 2734 1788 2788 Anglici

534 2804 704 2844 reversi
728 2807 835 2844 sunt
856 2803 902 2843 in
923 2807 1092 2844 terram
1114 2814 1258 2842 suam.
