2038 3306
512 294 614 361 ⁰290
843 360 853 367 ,
1013 328 1292 359 cnam-neon

328 445 502 507 {avffrffi}
531 432 596 474 eis
617 430 828 485 quaedam
849 429 939 471 alia
964 429 1198 471 horribilia
1227 435 1274 471 et
1303 429 1544 471 inhonesta
1575 430 1787 479 confessi,

320 535 429 560 „uuor
443 533 517 564 pope
533 510 650 551 quae,
667 501 718 537 ut
739 508 895 536 eorum
918 495 975 536 ad
999 508 1200 548 praesens
1219 508 1461 548 parcamus
1486 496 1791 545 verecundiae,

319 569 488 630 Sssssssssss'ss‘fng
534 562 824 604 subticemus.
890 560 988 602 Nos
1003 561 1145 613 igitur
1158 560 1364 601 volentes
1384 573 1521 614 super
1536 561 1640 610 hiis,
1656 567 1792 614 prout

321 634 465 692 ‘'ffiff‘m'
535 629 592 670 ad
632 640 715 668 nos
751 631 945 679 spectat,
981 638 1231 678 congruum
1272 626 1521 666 remedium
1561 626 1790 675 adhibere,

321 675 338 699 p
398 683 404 690 ⁸
537 693 811 735 auctoritate
850 691 1101 744 apostolica
1142 691 1391 732 districtius
1441 690 1696 732 inhibemus
1736 705 1792 733 ne

537 758 704 812 aliquis
736 757 791 798 de
828 764 995 799 caetero
1026 756 1196 798 eisdem
1229 755 1504 809 Templariis
1533 756 1605 798 vel
1638 769 1793 798 eorum

538 824 675 865 alicui
709 823 905 865 scienter
938 822 1011 864 vel
1042 821 1222 875 publice
1255 821 1328 863 vel
1361 821 1540 862 occulte
1570 821 1794 863 auxilium

539 892 744 942 praestet,
760 888 1000 931 consilium
1020 888 1090 928 vel
1111 887 1329 934 favorem,
1348 899 1430 927 seu
1447 886 1562 927 alias
1581 887 1707 940 ipsos
1722 888 1795 928 vel

540 955 739 1007 aliquem
783 967 938 995 eorum
977 957 1210 1006 receptare
1252 965 1334 994 seu
1377 953 1571 994 retinere
1608 957 1689 994 aut
1730 953 1796 994 eis

540 1021 694 1062 favere
714 1024 978 1073 praesumat,
1001 1018 1082 1060 sed
1112 1031 1189 1060 eos
1220 1023 1442 1071 tanquam
1472 1022 1708 1070 suspectos
1739 1018 1795 1059 de

542 1085 706 1126 haeresi
736 1085 919 1126 omnino
949 1083 1153 1125 devitet:
1197 1083 1466 1125 mandantes
1505 1083 1798 1124 nihilominus

544 1151 701 1192 eadem
725 1150 998 1191 auctoritate
1019 1149 1228 1190 omnibus
1248 1148 1441 1200 singulis
1461 1148 1799 1198 ecclesiasticis,

544 1216 918 1267 secularibusque
948 1214 1168 1267 personis,
1195 1226 1370 1254 necnon
1404 1212 1701 1266 principibus,
1725 1226 1799 1255 co-
2032 1253 2035 1260 ί

546 1280 747 1329 mitibus,
765 1280 1026 1328 baronibus,
1049 1279 1292 1327 nobilibus,
1305 1278 1526 1319 militibus
1545 1283 1591 1319 et
1609 1279 1797 1332 plebeis,
2030 1272 2035 1326 ἱ

547 1359 601 1387 ac
620 1345 1021 1386 communitatibus
1038 1344 1292 1393 civitatum,
1306 1348 1577 1392 castrorum,
1590 1343 1802 1385 villarum
2030 1341 2035 1387 ἵ

547 1416 592 1452 et
628 1411 820 1452 aliorum
851 1410 1068 1460 locorum,
1100 1414 1327 1462 quatenus
1351 1409 1497 1450 dictos
1517 1409 1803 1462 Templarios

547 1477 749 1530 capiant,
774 1481 821 1517 et
842 1487 919 1516 eos
937 1475 1141 1516 locorum
1163 1475 1403 1517 ordinariis
1423 1475 1521 1515 sine
1537 1473 1804 1516 difficultate

549 1542 754 1595 qualibet
788 1541 1023 1593 assignare
1061 1553 1116 1582 ac
1154 1540 1333 1581 tradere
1375 1553 1468 1582 non
1510 1545 1802 1594 postponant.

552 1608 653 1648 Nos
677 1611 830 1648 autem
858 1618 1016 1647 omnes
1046 1612 1093 1647 et
1123 1606 1329 1658 singulos
1354 1605 1668 1659 cujuscunque
1690 1619 1803 1659 prae-

550 1672 821 1721 eminentiae,
843 1670 1095 1723 dignitatis,
1117 1671 1305 1720 ordinis,
1326 1671 1598 1712 conditionis
1630 1684 1683 1712 ac
1706 1676 1800 1712 sta-

550 1743 641 1787 tus,
650 1738 786 1778 etiam
797 1737 837 1778 si
849 1736 1100 1789 pontificali
1113 1739 1123 1758 ‘
1133 1735 1470 1789 praefulgeant*
1479 1736 1719 1788 dignitate,
1727 1737 1806 1789 qui

551 1802 824 1856 supradictis
846 1802 1121 1855 Templariis
1146 1802 1218 1843 vel
1248 1814 1404 1842 eorum
1429 1801 1566 1842 alicui
1589 1802 1804 1851 scienter,

551 1868 732 1922 publice
768 1867 842 1909 vel
872 1868 1051 1908 occulte
1079 1868 1367 1920 praestabunt
1397 1867 1635 1917 auxilium,
1662 1869 1807 1908 consi-

552 1934 661 1974 lium
701 1933 774 1974 vel
817 1933 1037 1982 favorem,
1075 1932 1148 1973 vel
1186 1932 1301 1973 alias
1334 1932 1460 1985 ipsos
1496 1945 1577 1973 seu
1609 1932 1806 1986 aliquem

553 1999 756 2052 ipsorum
791 2003 1026 2051 receptare
1052 1996 1126 2038 vel
1159 1997 1370 2047 retinere,
1393 2003 1472 2039 aut
1500 1998 1581 2047 eis,
1612 2003 1663 2038 ut
1690 2011 1806 2051 prae-

555 2063 766 2112 mittitur‚
797 2063 950 2104 favere
977 2064 1368 2115 praesumpserint,
1390 2063 1666 2104 auctoritate
1690 2077 1807 2117 prae-

554 2129 749 2170 sentium
773 2128 1258 2170 excommunicationis
1276 2129 1502 2170 sententia
1521 2118 1808 2179 i11i10damuS‚

554 2207 607 2235 ac
628 2194 854 2243 civitates,
878 2199 1047 2243 castra,
1068 2199 1215 2235 terras
1246 2198 1292 2235 et
1322 2194 1441 2243 loca,
1464 2207 1566 2248 quae
1586 2195 1712 2247 ipsos
1735 2195 1809 2236 vel

553 2260 751 2312 aliquem
772 2272 929 2300 eorum
947 2259 1144 2301 scienter
1164 2260 1448 2312 susceperint
1468 2260 1543 2301 vel
1565 2260 1808 2310 tenuerint,

551 2325 859 2369 ecclesiastico
877 2325 1177 2378 supponimus
1197 2325 1458 2375 interdicto,
1479 2325 1811 2367 absolutionem

555 2390 878 2443 praedictorum
905 2395 1210 2444 praeterquam
1244 2391 1292 2430 in
1324 2390 1485 2432 mortis
1517 2391 1728 2440 articulo,
1757 2404 1812 2432 ac

554 2456 884 2497 relaxationem
927 2456 1072 2508 ipsius
1112 2455 1342 2497 interdicti
1377 2456 1509 2497 nobis
1550 2457 1811 2509 nostrisque

555 2521 893 2562 successoribus
928 2526 1232 2569 reservantes,
1263 2533 1355 2562 non
1391 2522 1682 2563 obstantibus
1711 2522 1811 2574 qui-

555 2586 755 2627 buslibet
792 2586 1060 2639 privilegiis,
1099 2585 1396 2638 indulgentiis
1434 2590 1480 2627 et
1521 2586 1668 2627 literis
1699 2599 1812 2640 apo-

557 2651 731 2692 stolicis
745 2652 1093 2704 quibuscunque
1106 2655 1151 2692 et
1164 2652 1249 2692 sub
1262 2664 1537 2705 quacunque
1552 2650 1698 2692 forma
1712 2665 1813 2693 ver·

814 2801 824 2822 ¹
850 2803 860 2821 ‘
873 2803 1080 2844 praesulant,'
1096 2802 1172 2835 MS.
1188 2801 1229 2835 G.
1246 2801 1287 2835 C.
1305 2801 1342 2834 C.
1361 2802 1458 2835 Cant.
1474 2804 1549 2835 25⁰.
