2038 3306
451 310 453 312 ’
513 325 600 368 222
997 337 1277 368 CHRONIGON

319 516 436 542 Edward
450 516 474 542 1.

315 550 350 575 A.
361 549 396 575 D.
412 551 488 576 1301.

296 645 417 671 Edwnrd

298 679 428 704 macheu

298 711 409 743 against

297 744 438 776 Scotland,

298 778 374 803 June
386 779 430 803 24.

297 1109 323 1135 A
333 1111 414 1135 truce
427 1109 453 1135 is

297 1143 462 1174 conclude&

297 1241 353 1266 and
366 1240 402 1266 he

297 1276 409 1299 returns
422 1275 450 1299 to

298 1307 436 1339 England.

298 1437 333 1463 A.
342 1437 378 1463 D.
393 1438 467 1462 1302.

298 1481 469 1506 Parliament

298 1517 327 1539 ut
340 1514 466 1541 Iaeondon.

298 1900 377 1925 Ad).
392 1900 467 1925 1303.

299 1943 360 1968 The
372 1946 451 1968 truce

299 1976 404 2007 having
416 1983 464 2001 ex-

299 2009 387 2041 pii-ed,
402 2010 445 2034 Sir

299 2042 376 2067 John
390 2042 438 2067 Se-

298 2081 384 2106 grave
396 2077 491 2100 enters

299 2108 437 2133 scotland.

302 2430 348 2455 He
361 2429 385 2454 is
399 2429 446 2454 de-

300 2463 392 2487 feated
406 2463 474 2487 with

301 2498 378 2526 great
390 2495 455 2521 loss.

304 2528 427 2559 sunda,

306 2561 370 2586 Feb.
383 2562 424 2586 24.

801 505 891 546 Rex
913 505 1103 547 concessit
1127 506 1309 562 Treuyas
1331 507 1475 549 Scotis.

582 635 719 678 Anno
751 636 937 678 Domini
968 647 1143 677 wecel.
1185 636 1324 678 finitis
1362 637 1536 690 treugis
1571 638 1619 678 in
1655 638 1773 680 festo

517 703 813 744 Pentecostes
848 702 969 743 inter
1005 715 1160 755 regem
1196 707 1243 744 et
1273 702 1436 744 Scotos
1476 702 1618 752 initis,
1663 717 1773 745 con-

515 769 724 822 gregavit
768 781 851 810 rex
882 768 1152 818 exercitum,
1191 772 1238 809 et
1288 769 1412 809 circa
1448 768 1615 809 festum
1649 769 1774 811 beati

514 834 545 876 J
548 834 740 876 ohannis
765 834 990 888 Baptistae
1013 834 1061 875 in
1082 833 1282 876 Scotiam
1308 834 1541 887 profectus
1565 840 1651 885 est,
1676 835 1772 876 hie-

514 901 747 954 mavitque
762 900 944 950 ibidem,
961 904 1007 942 et
1025 899 1198 942 Natale
1214 913 1346 941 suum
1363 900 1509 941 tenuit
1523 900 1644 954 apud
1665 900 1773 942 Lin-

513 966 707 1020 lyscoth‚
729 966 1111 1020 perdideruntque
1139 966 1211 1007 sui
1231 978 1374 1019 equos
1397 966 1567 1008 multos
1587 971 1774 1020 propter

514 1032 740 1074 defectum
770 1032 935 1086 foragii
970 1037 1017 1074 et
1038 1032 1224 1085 frigoris
1256 1031 1478 1075 hiemalis.
1548 1032 1772 1087 Misitque

514 1111 597 1140 rex
629 1098 836 1140 Franciae
860 1099 1053 1151 nuncios
1081 1103 1128 1139 et
1153 1098 1311 1139 literas
1335 1111 1419 1151 pro
1440 1097 1608 1148 Scotis,
1629 1103 1682 1140 ut
1712 1099 1771 1140 ad

515 1169 727 1217 rogatum
759 1165 905 1218 ipsius
945 1164 1167 1205 inii-entur
1200 1168 1392 1216 treugae,
1427 1164 1589 1205 saltem
1628 1176 1775 1218 usque

514 1230 573 1271 ad
609 1230 776 1271 festum
820 1230 1035 1271 Omnium
1078 1229 1366 1270 Sanctorum.
1435 1229 1498 1270 Et
1539 1229 1648 1283 quia
1691 1243 1772 1271 rex

515 1308 718 1336 sororem
739 1308 872 1336 suam
892 1296 948 1337 de
978 1307 1098 1336 novo
1128 1294 1342 1344 duxerat,
1362 1294 1510 1336 noluit
1532 1295 1574 1335 ei
1594 1300 1774 1337 contra-

514 1361 679 1410 dicere,
701 1361 781 1402 sed
817 1366 984 1414 rogata
1013 1361 1256 1410 concessit,
1280 1361 1598 1414 appositisque
1618 1366 1772 1403 custo-

515 1426 648 1468 dibus
689 1427 738 1468 in
780 1427 993 1476 confinio,
1036 1439 1250 1484 reversus
1298 1431 1369 1468 est
1420 1426 1686 1477 Londoniis,
1728 1433 1775 1469 et

513 1493 866 1546 parliamentum
895 1493 1061 1535 ibidem
1093 1493 1243 1534 tenuit
1277 1492 1325 1533 in
1370 1492 1518 1534 medio
1564 1492 1774 1544 Quadra-

513 1571 712 1612 geS1mae.

566 1706 768 1758 Quomodo
791 1711 937 1762 captus
955 1711 1011 1747 est
1029 1705 1235 1747 Dominus
1253 1705 1463 1747 Johannes
1482 1695 1537 1747 de'
1551 1706 1726 1762 Seyra‘oe

1008 1777 1045 1812 et
1065 1770 1273 1813 liberatus.

581 1884 717 1927 Anno
754 1885 943 1927 Domini
982 1897 1192 1935 M.cccn.,
1228 1886 1395 1940 elapsis
1434 1887 1622 1939 treugis,
1653 1887 1774 1928 misit

513 1964 596 1992 rex
641 1953 780 1993 robur
819 1951 1047 1993 exercitus
1085 1952 1134 1993 in
1172 1952 1388 2001 Scotiam,
1441 1965 1545 1993 cum
1590 1953 1771 1994 domino

514 2016 726 2059 Johanne
783 2017 838 2058 de
883 2017 1085 2070 Segrave
1133 2022 1180 2059 et
1222 2017 1440 2059 fratribus
1484 2019 1596 2069 suis,
1643 2026 1774 2061 erant

514 2083 633 2124 enim
657 2083 825 2124 milites
841 2084 1157 2124 strenuissimi.
1228 2083 1435 2137 Cumque
1451 2097 1541 2125 non
1558 2085 1772 2126 timerent

514 2149 616 2198 sibi,
648 2153 695 2190 et
733 2154 886 2190 essent
919 2148 1061 2203 juxta
1100 2149 1424 2203 Edeneburgh,
1458 2150 1506 2191 in
1547 2151 1772 2204 principio

517 2213 910 2267 Quadragesimae‚
933 2227 1016 2270 nec
1061 2215 1231 2257 scirent
1275 2215 1518 2257 Scotorum
1567 2217 1770 2265 insidias,

515 2280 768 2322 diviserunt
791 2293 841 2322 se
865 2281 1011 2322 nostri
1034 2294 1115 2334 per
1139 2285 1231 2322 tres
1256 2286 1446 2332 turmas,
1467 2287 1514 2323 et
1541 2282 1772 2325 distabant

515 2347 573 2387 ab
596 2346 788 2388 invicem
810 2347 943 2399 quasi
966 2359 1047 2400 per
1070 2346 1185 2388 duas
1208 2346 1378 2388 leucas.
1440 2347 1644 2401 Eratque
1674 2348 1773 2402 ipse

516 2412 724 2453 dominus
736 2412 765 2454 J
771 2412 972 2454 ohannes
989 2426 1091 2454 cum
1110 2413 1366 2454 ‘trecentis'
1378 2412 1390 2434 ¹
1407 2414 1597 2454 armatis
1615 2419 1625 2436 ‘
1635 2426 1774 2467 prox-

515 2477 692 2518 imior’2
714 2478 937 2528 hostibus,
956 2479 1035 2532 qui
1055 2478 1262 2519 latebant
1277 2491 1396 2521 eum.
1458 2479 1519 2520 Et
1536 2491 1640 2520 ecce
1659 2492 1774 2532 puer

516 2557 631 2584 unus
665 2557 724 2585 ex
757 2545 853 2585 suis
887 2557 1066 2585 summo
1100 2543 1301 2585 diluculo
1334 2545 1491 2598 primae
1517 2544 1771 2586 Dominicae

518 2608 894 2663 Quadragesimae
929 2610 1130 2659 veniens,
1165 2609 1403 2651 nunciavit
1441 2610 1483 2650 ei
1522 2609 1677 2651 hostes
1714 2611 1771 2652 ad

516 2688 699 2716 manum
744 2689 872 2723 esse3
919 2675 1238 2729 consuluitque
1276 2680 1329 2717 ut
1367 2680 1673 2717 reverteretur
1714 2677 1772 2717 ad

611 2827 618 2845 ¹
642 2829 651 2846 ‘
666 2830 743 2868 111.‚’
760 2830 834 2862 MS.
853 2830 977 2863 Lansd.
1199 2826 1212 2845 ²
1235 2830 1246 2847 ‘
1257 2830 1449 2871 proximos‚'
1465 2830 1541 2863 MS.
1558 2830 1681 2863 Lansd.
