2038 3306
548 280 637 325 368
1035 291 1314 324 οΗειοΝιοοΝ

333 409 530 469 Bffwssf‘iaiiI'
547 409 629 440 seu
650 396 1001 445 contributione,
1020 394 1204 438 domino
1225 397 1322 451 regi
1335 397 1555 440 faciendis
1578 397 1650 440 vel
1672 397 1811 439 etiam

331 497 392 523 The
404 498 492 523 Μὴ
547 463 863 513 concedendis,
893 463 974 504 illa
1002 463 1103 504 vice
1135 462 1252 505 foret
1272 469 1505 506 oneratus.
1567 464 1684 506 Post
1713 464 1810 504 haec

332 531 516 596 'c'ffl'g’rffiff
517 543 730 591 ⁸quoque
764 530 811 571 in
848 529 1151 583 parliamento
1186 528 1309 583 apud
1344 529 1809 572 Westmonasterium

333 597 520 657 &33:3⁰
547 597 594 637 in
637 595 1003 649 Quadragesima
1046 594 1256 649 proximo
1305 594 1478 649 elapsa,
1511 601 1806 650 congregato,

330 664 425 689 ⁰⁸¹¹01·
548 674 765 704 concessa
795 666 903 703 sunt
934 661 1032 714 regi
1068 673 1240 703 nonum
1267 661 1428 711 vellus,
1461 674 1607 703 nonus
1643 674 1809 714 agnus,

547 742 668 770 nona
689 730 860 781 garba3
890 727 1025 769 certis
1061 732 1215 769 tamen
1238 727 1383 768 modis
1406 732 1452 769 et
1474 727 1810 769 conditionibus

549 795 758 849 adjectis,
791 793 1005 836 videlicet
1037 793 1158 847 quod
1196 793 1310 834 nulli
1340 793 1522 847 praelati
1558 806 1643 835 nec
1672 793 1810 835 etiam

549 861 715 914 aliquis
736 861 792 902 de
816 860 937 902 clero
959 859 1195 914 praedicto,
1220 860 1278 901 ad
1314 859 1452 914 hujus
1482 872 1616 901 nonae
1643 859 1812 901 contri-

550 927 780 968 butionem
815 926 1038 980 portionis
1079 925 1370 979 aliquatenus
1407 930 1687 976 tenerentur,
1723 926 1811 967 nisi

549 997 725 1034 tantum
751 992 817 1034 illi
850 993 928 1046 qui
948 1005 1029 1046 per
1048 991 1286 1033 baroniam
1310 997 1534 1041 tenerent,
1556 996 1603 1033 et
1626 991 1683 1033 ad
1705 1004 1812 1046 par-

549 1058 812 1100 liamentum
855 1058 1010 1100 venire
1067 1058 1229 1100 solent.
1308 1057 1537 1111 Quodque
1581 1057 1639 1099 ad
1686 1057 1813 1099 solu-

550 1125 720 1166 tionem
746 1124 950 1174 decimae,
975 1129 1025 1165 ut
1045 1123 1354 1177 praemittitur,
1367 1135 1612 1173 concessae,
1630 1123 1812 1176 praelati

551 1195 596 1231 et
620 1190 775 1231 caeteri
807 1190 862 1231 de
893 1190 1016 1231 clero
1051 1202 1218 1230 nonam
1251 1190 1508 1242 portionem
1544 1189 1810 1242 praedictam

550 1256 799 1303 solventes,
824 1255 1086 1296 nullatenus
1107 1255 1257 1297 forent
1277 1255 1483 1306 astricti;
1515 1254 1595 1296 sed
1628 1255 1812 1308 quidam

550 1327 718 1363 nostrae
762 1321 896 1363 dictae
932 1321 1182 1375 provinciae
1215 1334 1348 1362 nonae
1386 1321 1610 1374 portionis
1645 1321 1810 1362 collec-

551 1392 688 1436 tores,
713 1401 741 1428 a
757 1387 959 1441 praelatis
983 1393 1030 1429 et
1050 1387 1228 1429 caeteris
1259 1387 1315 1428 de
1345 1387 1467 1428 clero
1490 1386 1567 1440 qui
1589 1387 1811 1428 decimam

550 1454 828 1495 antedictam
849 1454 1050 1503 solvunt,
1073 1458 1119 1495 et
1134 1466 1216 1507 per
1235 1453 1471 1494 baroniam
1495 1453 1550 1494 de
1571 1466 1679 1506 rege
1700 1453 1814 1494 nihil

549 1524 718 1570 tenent,
739 1533 822 1561 nec
846 1520 902 1561 ad
937 1519 1287 1574 parliamentum
1310 1519 1465 1561 venire
1489 1519 1666 1561 astricti
1686 1524 1812 1569 sunt,

552 1599 736 1636 nonam,
760 1591 812 1627 ut
835 1586 1143 1640 praemittitur,
1165 1597 1444 1635 concessam,
1475 1583 1645 1635 levare,
1666 1591 1713 1627 et
1732 1598 1816 1639 per

553 1652 859 1693 districtiones
880 1651 1033 1693 varias
1054 1652 1261 1692 nituntur
1284 1652 1485 1704 exigere.
1519 1673 1525 1680 ·
1557 1651 1753 1705 Insuper
1765 1656 1812 1692 et

554 1719 611 1758 ab
633 1718 719 1758 hiis
742 1718 820 1771 qui
841 1718 898 1759 ad
931 1718 1202 1759 solutionem
1235 1716 1372 1772 hujus
1400 1729 1531 1758 nonae
1553 1717 1812 1770 astringun-

554 1788 644 1834 tur,
669 1789 830 1825 contra
856 1784 1006 1825 Deum
1043 1788 1090 1824 et
1116 1783 1347 1838 justitiam
1381 1795 1436 1824 ac
1473 1783 1811 1824 concessionem

554 1850 844 1904 saepedictam
881 1849 1002 1891 viros
1040 1849 1375 1890 ecclesiasticos
1407 1849 1654 1898 onerando,
1692 1849 1814 1890 deci-

554 1929 674 1956 mam
705 1916 897 1969 exigunt
913 1920 1223 1956 memoratam.
1294 1914 1523 1965 Quocirca
1541 1914 1588 1955 in
1612 1914 1811 1957 Domino

554 1995 636 2023 vos
674 1982 911 2023 hortamur
945 1986 991 2023 et
1029 1981 1302 2034 requirimus
1340 1984 1567 2034 quatenus
1589 1993 1811 2034 personas

554 2048 791 2100 religiosas
815 2052 860 2088 et
876 2047 1226 2096 ecclesiasticas,
1248 2046 1334 2088 nisi
1350 2046 1598 2087 secundum
1620 2046 1810 2088 formam

554 2119 600 2156 et
638 2114 978 2156 concessionem
1006 2113 1277 2163 antedictas,
1316 2112 1495 2154 onerari
1536 2112 1608 2154 vel
1650 2115 1811 2155 vexari

552 2181 812 2222 nullatenus
847 2179 1142 2233 permittatiS‚
1174 2192 1257 2220 nec
1295 2179 1431 2220 etiam
1462 2178 1699 2220 consilium
1730 2192 1810 2221 seu

553 2260 785 2288 assensum
806 2247 853 2287 in
876 2245 1009 2287 dictae
1032 2245 1186 2287 Cartae
1211 2244 1543 2299 praejudicium,
1567 2257 1648 2286 seu
1673 2246 1812 2302 privi-

551 2313 773 2367 legiorum
807 2325 861 2354 ac
891 2312 1154 2353 libertatum
1179 2310 1592 2353 ecclesiasticarum
1622 2311 1811 2353 subver-

551 2379 740 2429 sionem,
775 2378 1018 2432 praebeatis
1063 2377 1410 2431 quoquomodo;
1443 2377 1483 2417 si
1514 2389 1624 2418 vero
1656 2377 1810 2427 breve,

551 2444 823 2495 commissio,
868 2448 1205 2498 praeceptumve
1249 2443 1373 2484 aliud
1420 2447 1578 2484 contra
1619 2443 1808 2484 formam

552 2511 738 2564 Magnae
767 2510 936 2559 Cartare,
956 2509 1197 2564 privilegia
1221 2521 1276 2550 ac
1297 2508 1530 2550 libertates
1553 2508 1809 2550 antedictas

551 2590 578 2618 a
604 2576 878 2618 cancellaria
912 2576 1147 2629 hucusque
1182 2574 1350 2616 fuerint
1386 2574 1551 2615 emissa
1583 2574 1702 2615 infra
1731 2575 1808 2616 de-

551 2656 647 2683 cem
699 2643 796 2684 dies
854 2647 960 2696 post
1005 2642 1166 2682 harum
1208 2640 1510 2694 receptionem
1555 2640 1808 2691 literarum,

551 2708 668 2749 sicut
712 2709 944 2757 tenemini,
987 2707 1191 2749 revocari
1237 2712 1283 2748 et
1329 2705 1557 2747 annullari
1600 2705 1807 2758 faciatis;

552 2774 767 2815 voluntas
798 2775 962 2816 etenim
990 2773 1160 2815 domini
1187 2772 1331 2814 nostri
1352 2773 1472 2826 regis
1495 2776 1671 2814 cartam
1692 2786 1809 2827 prae-
