2038 3306
477 304 701 335 WAL'rEm
734 305 796 334 DE
827 305 1204 336 HEMINGBURGH.
1380 293 1467 336 219

202 420 292 449 uno
315 407 527 461 religioso
546 412 742 459 tantum,
762 413 809 451 et
832 422 924 451 uno
944 408 1127 459 clerico,
1143 413 1191 451 et
1210 421 1302 450 uno
1319 408 1466 450 tabel-
1499 419 1626 479 {1⁶3ch
1627 419 1661 476 o14·

202 474 340 516 lione.
394 474 721 528 Reversusque
745 479 816 516 est
836 476 1080 530 episcopus
1100 475 1148 516 in
1166 474 1402 528 Angliam,
1421 479 1468 516 et
1528 470 1534 478 ’
1573 469 1580 478 “
1663 468 1672 477 ’

203 540 251 581 in
272 540 428 582 eodem
450 553 570 582 anno
592 546 799 582 mortuus
821 546 891 583 est
913 542 990 584 ille
1015 554 1137 597 papa
1161 541 1465 583 Benedictus:

204 611 250 648 et
283 607 350 648 sic
389 613 572 649 mortuo
606 607 889 658 mandatore,
924 607 1153 661 expiravit
1184 607 1466 649 mandatum.

205 673 525 727 Deposuitque
565 674 900 728 subsequenter
942 673 1191 728 praedictus
1233 674 1360 727 prior
1407 674 1466 715 ad

205 751 338 781 aures
385 740 506 793 regis
559 739 770 794 querelas
827 739 1012 790 multas,
1066 752 1150 781 nec
1203 739 1470 782 concordari

205 809 420 858 poterant
440 819 586 860 usque
604 806 662 847 ad
684 805 1036 859 parliamentum
1057 806 1181 859 regis
1203 805 1470 856 Londoniis,
1488 814 1570 840 A·D-
1585 815 1661 840 1³⁰⁵·

205 872 252 912 in
275 871 642 925 Quadragesima
665 871 774 913 anni
795 871 947 925 quarti
970 872 1311 925 subsequentis.

276 1017 476 1070 Quomodo
499 1017 791 1060 Dunolmenses
813 1018 1089 1074 impedierant
1119 1018 1406 1062 Visitationem

673 1084 1002 1141 Arckiepisoopi.

276 1199 377 1241 Nec
423 1199 512 1240 fuit
553 1200 735 1250 mirum,
769 1204 822 1241 ut
860 1199 1075 1250 creditur,
1120 1199 1244 1254 quod
1282 1205 1472 1254 propter
1489 1214 1525 1239 A.
1539 1213 1575 1238 D.
1590 1213 1690 1238 1270—

208 1266 486 1307 visitationis
524 1264 717 1308 formam
757 1265 898 1307 fiebat
928 1266 1185 1316 altercatio,
1217 1267 1328 1319 quia
1356 1267 1473 1308 ceci·
1490 1248 1640 1316 Narssffss'e
1653 1290 1684 1315 „f

208 1332 374 1373 derunt
406 1332 453 1373 in
489 1331 702 1385 laqueum
737 1345 872 1386 quem
908 1332 983 1373 diu
1015 1336 1122 1373 ante
1158 1337 1471 1375 contexerant.
1490 1324 1689 1388 {Bicfflffioe

209 1398 535 1440 Visitationem
559 1399 676 1439 enim
699 1398 873 1440 domini
896 1398 1229 1452 archiepiscopi
1252 1399 1471 1450 Eborum,
1489 1390 1691 1454 ζζῗῖᾓῗὲἓρὲο

208 1465 287 1518 qui
311 1477 395 1518 pro
419 1469 624 1518 tempore
647 1465 800 1515 fuerit,
826 1477 965 1519 quam
993 1465 1258 1506 obedienter
1280 1471 1326 1507 et
1357 1465 1474 1507 filia·
1490 1457 1670 1483 “numm

208 1531 314 1572 liter
334 1531 560 1584 recepisse
578 1530 849 1580 debuerant,
873 1530 1027 1572 multis
1048 1536 1171 1573 retro
1192 1532 1473 1585 temporibus

207 1597 454 1638 noluerunt
499 1596 741 1638 admittere
790 1597 1145 1638 Dunolmenses.
1233 1597 1474 1651 Archiepi-

207 1675 374 1716 scopus
414 1662 532 1704 enim
573 1662 810 1704 Walterus
854 1662 1032 1704 Giffard
1070 1662 1257 1704 visitare
1298 1663 1473 1714 volens,

208 1729 419 1782 repulsus
450 1734 536 1771 est.
610 1729 857 1771 Successor
891 1734 1046 1771 autem
1079 1728 1180 1783 ejus
1210 1729 1473 1771 Willelmus

208 1794 486 1837 Wikkewan
523 1794 644 1837 idem
685 1795 996 1838 continuando
1029 1796 1280 1848 negotium,
1320 1797 1472 1837 missis

210 1862 354 1903 literis
383 1874 525 1903 causa
556 1862 835 1903 visitationis
871 1861 1106 1912 faciendae,
1137 1867 1342 1916 tempore
1376 1862 1473 1904 Ro-

210 1929 327 1970 berti
348 1928 403 1969 de
426 1928 600 1978 Insula,
622 1933 732 1970 tunc
748 1928 1074 1970 Dunolmensis
1093 1928 1313 1982 episcopi,
1331 1928 1472 1969 decli-

209 1995 339 2036 navit
352 1994 533 2036 ibidem.
596 1993 690 2046 Qui
711 1994 982 2048 excipiendo
1005 1998 1329 2047 proponentes,
1349 1994 1471 2048 quod

209 2060 460 2102 secundum
483 2061 677 2102 formam
699 2061 822 2101 illius
845 2060 1188 2102 constitutionis
1212 2063 1241 2081 “
1261 2060 1474 2102 Romana

211 2127 588 2176 ecclesia,''—De
605 2126 845 2176 Censibus‚
864 2125 1214 2175 Exactionibus,
1231 2130 1278 2167 et
1299 2125 1472 2167 Procu—

212 2190 499 2242 rationibus,l
532 2193 683 2246 parati
715 2197 845 2234 erant
876 2192 1077 2245 recipere
1107 2204 1224 2240 eum,
1251 2192 1290 2232 si
1322 2198 1473 2233 tamen

211 2259 359 2312 primo
388 2271 517 2299 suam
549 2258 789 2300 ecclesiam
820 2264 866 2299 et
896 2258 1177 2311 provinciam
1211 2257 1469 2306 visitasset;

211 2325 292 2366 sed
323 2325 433 2378 quia
468 2337 558 2366 non
596 2324 767 2366 fecerat
805 2323 908 2374 hoc,
943 2324 1252 2378 appellarunt,
1288 2329 1336 2365 et
1369 2337 1471 2365 eum

211 2391 452 2432 admittere
473 2391 731 2432 noluerunt.
795 2390 903 2444 Ipse
926 2403 1035 2431 vero
1056 2390 1475 2431 excommunicavit

210 2470 304 2507 eos,
336 2462 382 2498 et
410 2457 614 2498 recessit.
685 2457 874 2498 Mortuo
905 2456 1093 2498 tandem
1126 2455 1344 2509 praedicto
1376 2456 1473 2497 Ro-

210 2525 339 2565 berto
355 2523 411 2564 de
426 2523 601 2573 Insula,
614 2523 732 2564 idem
747 2522 1118 2576 archiepiscopus
1132 2521 1393 2563 Willelmus
1405 2522 1473 2577 di-

209 2590 330 2631 rexit
351 2589 516 2630 ibidem
532 2589 690 2631 literas
711 2602 819 2630 suas
842 2595 894 2630 ut
910 2589 1119 2630 visitaret
1142 2601 1232 2629 non
1253 2593 1473 2642 tanquam

256 2761 265 2781 ¹
289 2762 352 2794 See
362 2762 417 2793 the
431 2762 532 2793 Liber
540 2762 666 2793 Sextus
675 2761 907 2794 Decretalium
918 2761 1044 2793 domini
1058 2760 1227 2793 Bonifacii
1239 2761 1346 2801 Papae
1361 2761 1450 2793 VIII
1454 2783 1477 2801 .,

206 2809 266 2840 lib.
283 2809 331 2840 iii.
349 2811 403 2849 20,
419 2808 561 2840 Nurem.
580 2811 675 2840 1486.
