2038 3306
532 323 616 363 172
1013 329 1288 360 cnnomcon

336 448 455 474 mma
475 448 499 474 1.
534 436 749 478 civitatis.
820 434 1037 475 Partibus
1085 435 1242 488 itaque
1299 436 1358 477 ad
1409 435 1790 489 congrediendum

320 482 506 563 c‘zssoltssg:
537 503 640 544 hinc
674 501 778 542 inde
802 500 991 555 paratiS,
1020 501 1142 542 venit
1175 514 1327 542 comes
1363 502 1462 555 ipse
1496 501 1791 543 Flandrensis

321 570 466 596 ¹²¹Gh0¹¹t=
537 568 594 610 ad
626 580 781 620 regem
814 571 1037 616 nostrum,
1058 567 1205 608 tristis
1236 567 1417 620 quidem
1440 568 1571 610 vultu
1602 572 1649 609 et
1675 567 1792 608 facie

539 638 733 683 mutata,
764 637 812 674 et
844 633 910 674 ait
941 633 1053 685 regi,
1086 635 1116 654 “
1134 632 1332 674 Domine
1366 633 1429 673 mi
1457 646 1557 682 rex,
1577 634 1790 674 miserere

537 713 670 741 servo
710 703 791 740 tuo
834 703 881 740 et
923 698 1095 752 populo
1134 711 1235 739 meo
1275 697 1429 741 huic.”
1499 698 1559 740 Et
1594 699 1660 739 ait
1690 712 1786 748 rex,

538 770 564 788 “
583 765 705 817 Quid
734 769 805 806 est
840 764 943 814 hoc,
971 777 1138 814 comes,
1162 777 1269 806 num
1301 763 1596 806 introduxisti
1629 777 1713 805 nos
1743 764 1790 805 in

537 837 707 873 terram
728 836 855 872 tuam
885 835 937 872 ut
957 830 1196 871 seduceres
1220 829 1381 884 nos‘P'
1452 830 1513 872 Et
1544 842 1696 871 comes
1731 830 1789 871 ad

539 898 651 948 haec,
674 896 855 939 “Absit
882 909 910 938 a
940 910 1012 938 me
1044 896 1143 946 hoc,
1170 896 1352 937 domine
1379 896 1469 938 mi:
1507 895 1636 938 novit
1671 896 1790 937 enim

541 963 627 1005 Ille
671 964 745 1005 cui
790 967 899 1004 nota
940 968 1048 1004 sunt
1091 967 1272 1004 secreta
1312 962 1462 1004 cordis
1506 962 1792 1012 abscondita,

538 1030 660 1083 quod
703 1030 875 1083 absque
921 1029 1157 1070 voluntate
1199 1033 1246 1070 et
1283 1029 1477 1070 scientia
1520 1040 1622 1069 mea
1668 1028 1792 1069 facta

538 1101 644 1137 sunt
686 1095 799 1144 haec,
847 1102 894 1136 et
942 1095 1159 1136 innocens
1202 1107 1289 1146 ego
1339 1107 1439 1135 sum
1486 1099 1532 1135 et
1577 1094 1790 1136 immunis

536 1162 721 1203 seeleris
746 1160 908 1214 hujus3
941 1161 1139 1214 populus
1161 1166 1314 1202 autem
1346 1160 1433 1201 iste
1453 1159 1579 1201 durae
1601 1161 1792 1201 cervicis

537 1232 624 1276 est,
661 1231 707 1267 et
741 1226 853 1267 mihi
893 1226 940 1266 in
983 1226 1201 1279 praesenti
1239 1225 1373 1279 quasi
1409 1225 1789 1277 incastigabilis.’'

539 1292 598 1333 Et
636 1292 702 1334 ait
735 1305 834 1342 rex,
869 1291 1050 1333 “Vade
1094 1291 1370 1345 quantocius
1411 1296 1457 1332 et
1492 1291 1671 1344 castiga
1706 1304 1789 1345 po·

537 1358 694 1412 pulum
717 1362 862 1407 tuum,
886 1362 935 1398 ut
954 1358 1013 1398 ab
1035 1357 1220 1410 incepto
1244 1369 1397 1398 errore
1416 1356 1580 1398 sileant
1609 1362 1656 1398 et
1684 1369 1790 1398 con-

537 1424 789 1477 quiescant,
810 1423 1012 1477 alioquin
1034 1436 1116 1477 per
1137 1423 1366 1465 viventem
1391 1423 1540 1464 Deum
1571 1436 1658 1476 ego
1690 1436 1790 1465 cas-

539 1490 695 1542 tigabo
707 1502 787 1530 eos
810 1489 943 1531 hodie
967 1502 1050 1543 pro
1070 1490 1279 1530 omnibus
1295 1489 1522 1530 saeculis.''
1578 1489 1788 1531 Festina-

538 1557 607 1597 vit
641 1568 752 1609 ergo
790 1567 958 1606 comes,
998 1559 1059 1605 et,
1096 1555 1256 1597 sedato
1297 1555 1485 1608 populo,
1519 1555 1651 1608 quasi
1684 1561 1791 1609 post

538 1621 697 1662 horam
726 1634 937 1663 reversus
969 1627 1052 1662 est.
1124 1621 1324 1674 Iniitque
1356 1634 1458 1662 cum
1488 1634 1595 1674 rege
1620 1621 1789 1673 foedus,

539 1693 586 1728 et
606 1688 742 1729 trium
764 1686 937 1728 dierum
956 1692 1142 1740 treugas
1162 1688 1281 1728 inter
1302 1700 1351 1728 se
1375 1691 1651 1737 statuerunt,
1671 1687 1789 1729 infra

539 1766 656 1807 quas
689 1754 1037 1794 restituerentur
1070 1753 1224 1794 omnia
1258 1752 1364 1794 hinc
1403 1753 1507 1794 inde
1542 1753 1713 1803 ablata,
1743 1759 1789 1795 et

539 1819 624 1860 hoc
648 1820 734 1860 sub
763 1832 901 1873 poena
933 1819 1096 1872 capitis
1121 1824 1167 1860 et
1191 1820 1513 1869 membrorum5
1537 1818 1788 1873 fierentque

535 1898 798 1926 communes
827 1885 1023 1939 justitiae
1058 1885 1309 1926 secundum
1346 1885 1583 1926 arbitrium
1619 1885 1788 1927 discre-

538 1958 702 1992 torum.
773 1950 981 2005 Cumque
1010 1952 1130 1992 inter
1151 1955 1305 2004 partes
1332 1951 1593 2005 hujusmodi
1622 1955 1790 1993 tracta-

537 2022 612 2057 tus
659 2017 946 2067 haberentur,
992 2021 1331 2070 proposuerunt
1372 2017 1691 2067 Flandrenses,
1730 2019 1787 2059 ad

537 2082 881 2124 excusationem
931 2095 1104 2133 eorum,
1152 2096 1202 2124 se
1251 2082 1420 2124 multas
1466 2084 1524 2124 ab
1577 2082 1787 2136 Anglicis

538 2161 700 2202 passos
730 2148 939 2202 injurias,
980 2148 1154 2190 scilicet
1183 2149 1229 2189 in
1259 2148 1511 2202 direptione
1546 2150 1786 2200 bonorum,

538 2215 866 2256 violationibus
887 2228 1100 2266 uxorum,
1122 2219 1167 2256 et
1192 2215 1564 2268 oppressionibus
1588 2214 1786 2256 filiarum

536 2293 738 2330 suarum,
777 2281 965 2334 insuper
1006 2282 1053 2321 in
1089 2280 1342 2322 homicidiis
1383 2281 1541 2322 multis
1579 2286 1626 2322 et
1663 2287 1788 2323 atro-

536 2347 730 2388 cissimis
783 2346 977 2401 injuriis.
1049 2346 1109 2387 Et
1162 2347 1270 2399 quia
1323 2347 1523 2400 aequales
1571 2339 1786 2389 emendas

535 2412 632 2453 fieri
665 2426 755 2454 non
792 2413 1054 2466 sperabant,
1081 2411 1184 2453 ideo
1221 2417 1400 2454 armata
1431 2425 1569 2453 manu
1604 2426 1786 2466 proces-

535 2483 708 2528 serunt,
741 2478 807 2519 sic
827 2483 878 2519 ut
902 2478 1067 2519 saltem
1089 2478 1251 2519 timore
1271 2478 1500 2531 perterriti
1520 2478 1786 2520 satisfacere

535 2549 821 2596 cogerentur.
892 2543 998 2585 Rex
1043 2547 1195 2584 autem
1232 2544 1279 2584 in
1320 2548 1447 2585 arcto
1491 2544 1684 2597 positus,
1729 2558 1783 2586 eo

535 2610 656 2661 quod
676 2610 809 2652 multi
830 2614 962 2651 erant
982 2622 1170 2650 numero
1192 2614 1238 2650 et
1258 2610 1611 2663 praesumptuosi
1636 2610 1785 2660 valde,

535 2676 774 2729 sciensque
809 2689 833 2716 e
870 2680 993 2716 terra
1027 2675 1108 2716 illa
1144 2674 1233 2716 nisi
1272 2674 1329 2716 de
1355 2675 1594 2717 voluntate
1630 2688 1785 2717 eorum

534 2741 620 2781 sibi
654 2746 699 2782 et
728 2742 824 2782 suis
858 2740 1038 2782 facilem
1063 2754 1154 2782 non
1182 2745 1341 2795 patere
1363 2754 1613 2793 egressum,
1638 2742 1787 2783 sciens

532 2807 667 2847 ctiam
713 2808 978 2859 contingere
1015 2807 1275 2860 frequenter
1310 2807 1430 2860 quod
1467 2807 1525 2848 ob
1566 2807 1785 2860 populum
