1992 3202
487 273 712 306 WALTEm
745 273 808 303 DE
840 273 1218 305 Hssmmcnuncn.
1425 261 1481 303 91

218 381 329 431 suis,
351 381 516 423 saltem
539 394 686 436 usque
706 381 764 423 ad
785 381 921 423 finem
941 395 1119 435 guerrae
1138 382 1236 435 regi
1257 380 1483 431 Franciae,
1514 387 1675 448 {⁶3⁵5}ss

217 448 455 489 retinenda
505 448 766 489 liberarent.
849 448 986 499 Quod
1044 449 1226 502 quidem
1271 447 1482 489 ultimum
1500 439 1646 504 tregsegm
1658 438 1693 503 b}

218 513 369 555 facere
407 519 794 567 contempserunt,
834 515 892 556 ad
930 514 1126 568 primum
1166 513 1483 568 respondendo
1500 511 1642 571 ssgssffied
1654 518 1692 544 ¹¹1’

218 579 435 630 dicentes,
472 583 500 602 “
519 580 664 621 Terra
700 583 858 622 nostra
892 579 1035 622 libera
1074 585 1145 622 est
1185 585 1233 622 et
1267 581 1325 621 ab
1360 579 1484 621 omni

218 646 440 687 servitute
464 646 636 700 quieta,
661 660 744 688 nec
765 651 996 700 praecepto
1018 647 1138 700 regis
1159 646 1343 700 Angliae
1367 645 1482 688 sate-

220 724 323 752 mur
361 713 408 752 in
444 712 600 766 aliquo
634 725 717 754 nos
752 713 992 760 astrictos;
1035 713 1174 754 immo
1206 717 1484 754 mercatores

224 777 427 819 Francos
458 778 533 820 vel
558 778 881 828 Flandrenses,
909 791 990 819 seu
1018 778 1135 819 alios
1166 778 1482 832 undecumque

219 844 471 894 venientes,
512 844 685 898 absque
720 842 816 884 ulla
853 856 1151 897 personarum
1190 843 1483 885 distinctione

220 909 514 950 admittemus
544 909 602 950 ad
640 909 845 951 votum.”
905 909 1077 950 Eodem
1116 909 1249 963 quasi
1278 914 1484 963 tempore
1500 917 1644 943 Maltreat-

1500 953 1580 975 ment
1593 950 1623 975 of
1632 950 1681 975 the

218 980 352 1016 erant
380 980 657 1016 mercatores
686 974 874 1028 Anglici
906 975 953 1017 in
985 979 1125 1029 portu
1153 975 1208 1016 de
1239 974 1483 1029 Berewyk,
1500 983 1662 1042 Ξιὲξὲῗὲιώ

219 1053 335 1094 quos
366 1041 759 1094 apprehendentes
797 1040 924 1083 Scoti
965 1041 1013 1082 in
1044 1040 1198 1082 furore
1231 1054 1316 1082 suo
1346 1053 1485 1095 quos·
1665 1034 1671 1041 ’

219 1106 325 1147 dam
346 1107 623 1158 ceciderunt,
642 1107 865 1161 quosdam
886 1120 996 1149 vero
1017 1107 1420 1158 detruncaverunt,
1437 1112 1484 1149 et

218 1185 373 1213 eorum
398 1174 621 1226 quosdam
649 1174 786 1227 plena
808 1179 955 1216 morte
977 1179 1285 1227 peremerunt,
1308 1173 1483 1227 fugien-

217 1239 342 1280 tibus
365 1244 520 1280 tamen
543 1240 787 1293 aliquibus,
810 1240 889 1294 qui
912 1240 1010 1292 regi
1031 1244 1189 1281 nostro
1211 1240 1484 1281 nunciarent

218 1305 372 1346 omnia
394 1306 536 1346 verba
558 1305 669 1347 haec.
740 1305 858 1357 Quae
888 1319 992 1346 cum
1013 1306 1218 1347 audisset
1235 1318 1335 1355 rex,
1359 1305 1483 1346 ultra

222 1383 358 1423 quam
378 1371 501 1412 credi
524 1376 679 1424 potest
702 1371 950 1421 admirans,
975 1372 1055 1421 ait,
1080 1375 1109 1394 “
1127 1371 1167 1412 O
1197 1376 1372 1425 quanta
1401 1384 1480 1412 ne—

220 1437 392 1489 quitia!
456 1436 496 1478 O
540 1442 715 1490 quanta
751 1437 944 1478 seditio!
987 1438 1090 1490 quis
1136 1450 1335 1491 unquam
1383 1450 1481 1478 cre-

218 1502 346 1543 deret
394 1502 532 1543 talia!
606 1502 742 1544 Certe
791 1502 1019 1556 completa
1065 1508 1136 1544 est
1179 1503 1279 1557 jam
1323 1516 1480 1544 eorum

218 1568 410 1618 malitia,
433 1581 517 1610 nec
556 1573 625 1609 est
656 1581 684 1610 a
714 1569 845 1610 nobis
875 1568 1069 1609 ulterius
1095 1568 1482 1622 expectandum.''

222 1634 427 1688 Moxque
451 1647 511 1675 ex
532 1634 682 1676 edicto
711 1634 931 1688 praecepit
956 1634 1111 1675 vocari
1134 1647 1288 1687 regem
1318 1634 1479 1675 Scoto-
1499 1642 1578 1674 Kinss

216 1713 333 1750 rum,
354 1713 492 1754 super
512 1699 681 1742 auditis
709 1700 844 1754 hujus
869 1700 925 1741 ad
949 1700 1066 1741 diem
1093 1704 1267 1741 certum
1288 1712 1478 1761 respon:
1498 1676 1647 1734 ξιᾱιῗιῗῖἒυε

216 1779 389 1808 surum.
461 1765 554 1817 Qui
592 1779 695 1807 cum
729 1766 786 1807 ad
828 1766 948 1807 diem
992 1779 1083 1808 non
1121 1767 1297 1808 veniret
1331 1779 1480 1820 neque
1497 1742 1649 1807 ssaffiear-

216 1833 434 1882 mitteret,
458 1832 678 1886 praecepit
701 1845 785 1874 rex
818 1837 870 1873 ut
897 1845 1054 1874 omnes
1078 1836 1213 1873 terrae
1243 1845 1339 1873 suae
1364 1845 1479 1886 quas
1497 1840 1678 1899 geaffilgcts

215 1899 262 1939 in
308 1897 482 1951 Anglia
529 1899 676 1939 tenuit
717 1898 999 1948 seisirentur,
1042 1898 1163 1952 quod
1215 1903 1262 1940 et
1307 1898 1478 1939 factum
1639 1891 1646 1898 ’

215 1969 299 2005 est.
369 1963 707 2018 ‘Iterumque’1
745 1978 827 2006 rex
869 1965 1206 2006 communicato
1241 1977 1344 2005 cum
1382 1965 1478 2005 suis
1497 1973 1669 1998 A·D-129⁶·

215 2030 513 2083 optimatibus
545 2030 749 2079 consilio,
778 2031 963 2071 vocavit
993 2043 1075 2083 per
1103 2029 1302 2070 edictum
1326 2030 1477 2082 ipsum

214 2108 368 2148 regem
407 2095 575 2136 Scotiae
615 2100 945 2149 magnatesque
981 2108 1089 2136 suos
1128 2100 1181 2136 ut
1220 2096 1368 2148 primo
1405 2095 1479 2136 die

216 2161 375 2202 Martii
396 2161 517 2214 apud
543 2161 729 2202 Novum
754 2161 967 2202 Castrum
989 2174 1126 2214 super
1149 2160 1331 2214 Tynam
1359 2173 1478 2202 com-

211 2232 427 2280 parerent
455 2227 503 2267 in
532 2227 780 2280 praemissis
811 2227 1089 2280 responsuri.
1160 2226 1478 2279 Congregato-

213 2305 302 2346 que
323 2292 502 2334 interim
524 2293 729 2334 exercitu
749 2293 984 2341 immenso,
1005 2292 1061 2333 ad
1086 2292 1269 2333 eosdem
1291 2293 1410 2334 diem
1434 2298 1480 2334 et

212 2359 362 2399 locum
393 2371 496 2400 cum
527 2358 623 2399 suis
651 2359 950 2412 optimatibus
979 2371 1061 2399 rex
1086 2363 1243 2399 noster
1267 2363 1480 2412 potenter

211 2425 421 2466 accessit.
492 2424 700 2478 Cumque
744 2425 894 2466 vocati
940 2437 1032 2465 non
1080 2424 1288 2466 venirent
1331 2437 1479 2478 neque

211 2578 287 2610 Rot.
310 2578 400 2609 Scot.
423 2581 465 2610 23
492 2578 591 2610 Edw.
615 2579 646 2611 I.
672 2589 716 2611 m.
734 2582 768 2618 2,
791 2579 826 2610 iu
860 2580 930 2610 into
953 2579 1008 2611 the
1033 2589 1124 2612 same
1148 2590 1239 2612 error
1259 2590 1298 2613 as
1315 2581 1479 2622 Heming-

208 2625 306 2656 Turr.
325 2624 455 2663 Lond.;
479 2625 616 2664 Rymer,
629 2625 786 2665 Foedera,
802 2626 826 2657 i.
861 2626 969 2666 burgh
985 2626 1067 2657 with
1090 2630 1222 2666 respect
1244 2630 1278 2659 to
1302 2627 1358 2659 the
1382 2637 1478 2660 name

209 2673 285 2703 829.
348 2670 382 2701 1t
411 2671 441 2702 is
477 2671 662 2702 somewhat
690 2672 826 2703 curious
861 2672 900 2704 of
910 2676 966 2704 the
982 2672 1071 2704 third
1087 2673 1204 2705 castle.

209 2717 281 2748 that
296 2717 375 2748 both
393 2717 558 2748 Matthew
574 2717 613 2749 of
631 2718 826 2749 Westmins-

209 2766 259 2794 ter
275 2762 341 2794 and
359 2763 590 2803 Walsingham
615 2763 700 2795 have
723 2764 844 2796 sanem
912 2761 917 2779 ¹
943 2765 952 2782 ‘
966 2764 1191 2806 interiinque‚'
1206 2765 1282 2798 MS.
1299 2765 1390 2798 Cott.
1401 2766 1477 2797 Tib.
