2038 3306
547 301 635 343 396
1035 312 1315 343 onnomcon

338 427 455 452 Edward
474 427 531 453 111.
550 413 690 457 saluti
739 413 904 455 affectu
954 419 1147 467 paterno
1187 415 1424 457 consulere
1466 421 1514 457 et
1553 416 1806 457 animarum

332 460 528 547 ’Βῖιῗζῖἳέἰζ
550 481 737 523 obviare
775 479 991 534 periculis
1036 480 1084 520 in
1125 480 1330 521 futurum
1371 481 1615 523 salubriter
1653 483 1803 522 inten-

333 547 470 573 ⁰¹0m‘¹¹‘·
550 547 742 594 dentes;
789 545 1131 587 considerantes
1178 546 1316 587 etiam
1358 547 1480 600 quod
1522 547 1688 588 nedum
1724 559 1805 587 ex-

551 612 848 666 aggeratione
864 623 1104 665 poenarum
1124 611 1373 664 quinimmo
1393 612 1805 653 immansuetudine

550 684 596 720 et
631 677 873 719 dulcedine
914 677 1116 718 lenitatis
1154 677 1326 718 subditi
1365 678 1413 718 in
1448 678 1570 718 viam
1616 678 1803 719 rectitu-

549 744 666 785 dinis
704 748 752 785 et
787 743 982 798 justitiae
1022 743 1293 796 diriguntur,
1328 756 1485 784 omnes
1522 749 1568 785 et
1597 742 1803 795 singulas

550 822 710 863 poenas
751 814 796 850 et
832 809 1096 858 sententias,
1130 809 1393 862 spirituales
1431 814 1477 850 et
1516 808 1804 863 temporales,

550 876 597 916 in
641 875 1004 917 ordinationibus
1059 880 1106 916 et
1155 875 1343 916 statutis
1389 880 1642 925 contentas,
1695 887 1806 928 apo-

551 941 716 983 stolica
750 942 1024 982 auctoritate
1073 941 1366 994 praesentium
1416 946 1574 982 tenore
1617 953 1804 994 suspen-

550 1006 713 1048 dimus.
805 1006 974 1048 Omnes
1025 1007 1103 1059 qui
1154 1006 1429 1060 temporales
1484 1019 1645 1060 poenas
1689 1019 1804 1059 quas

550 1073 729 1126 praelati
763 1077 809 1113 et
843 1085 1051 1126 personae
1083 1072 1289 1125 praedicti
1320 1085 1400 1125 per
1423 1072 1730 1113 ordinationes
1761 1076 1808 1112 et

550 1143 727 1179 statuta
768 1138 916 1187 nobis,
962 1142 1014 1178 ut
1054 1138 1363 1190 praemittitur,
1413 1138 1707 1186 constitutos,
1751 1150 1806 1178 ac

550 1208 758 1256 petentes
789 1216 818 1244 a
849 1203 981 1244 nobis
1012 1203 1070 1243 ab
1111 1203 1281 1243 eisdem
1316 1203 1573 1252 sententiis,
1604 1203 1644 1243 si
1675 1215 1807 1256 quas,

550 1269 789 1310 occasione
821 1268 1195 1321 transgressionis
1229 1272 1506 1309 statutorum
1545 1273 1591 1309 et
1623 1268 1808 1310 ordina·

548 1335 723 1375 tionum
785 1334 1062 1388 hujusmodi,
1115 1333 1457 1387 quomodolibet
1518 1334 1807 1384 incurrerint,

549 1400 782 1441 humiliter
833 1413 882 1441 se
931 1399 1123 1449 absolvi,
1167 1412 1195 1441 a
1241 1400 1477 1440 sententiis
1527 1400 1808 1441 absolvimus

550 1466 829 1516 memoratis,
863 1478 966 1506 cum
1001 1465 1206 1519 praelatis
1240 1470 1287 1506 et
1323 1466 1530 1519 personis
1562 1466 1807 1519 praedictis,

551 1532 868 1585 praesentibus,
903 1537 953 1573 ut
987 1531 1298 1584 praemittitur,
1328 1532 1458 1573 nobis
1495 1532 1632 1572 etiam
1671 1545 1810 1586 super

551 1598 905 1650 irregularitatis
926 1597 1108 1638 macula
1134 1602 1180 1638 et
1215 1597 1517 1646 inhabilitate,
1542 1597 1581 1638 si
1605 1610 1697 1651 qua
1724 1611 1807 1651 pro

553 1676 607 1704 eo
630 1663 739 1717 quia
770 1664 836 1704 sic
871 1663 1003 1716 ligati
1033 1662 1263 1715 praedictis
1294 1663 1532 1704 sententiis
1560 1676 1810 1717 praesump-

555 1733 714 1774 serunt
732 1729 961 1770 celebrare
982 1728 1154 1777 divina,
1175 1728 1249 1769 vel
1273 1741 1322 1769 se
1342 1729 1596 1769 immiscere
1620 1729 1807 1779 eisdem,

553 1807 632 1835 seu
695 1807 881 1848 poenam
939 1794 1071 1843 alias,
1127 1794 1363 1835 occasione
1431 1795 1808 1847 transgressionis

553 1864 830 1902 statutorum
887 1860 1091 1913 ipsorum
1135 1859 1476 1912 quomodolibet
1521 1860 1810 1902 incurrerunt

552 1925 904 1967 misericorditer
940 1925 1271 1978 dispensantes,
1307 1930 1353 1966 et
1378 1925 1671 1966 nihilominus
1701 1939 1809 1967 con-

553 1991 798 2032 fessoribus
851 2003 966 2044 quos
1023 1991 1212 2031 abbates
1270 1995 1317 2032 et
1370 1990 1550 2044 praelati
1604 1992 1810 2044 praedicti

553 2058 764 2098 absentes
804 2056 1039 2110 religionis
1081 2055 1302 2110 ejusdem,
1334 2057 1413 2110 qui
1443 2069 1605 2110 poenas
1635 2063 1682 2099 et
1708 2071 1809 2099 sen-

553 2124 721 2164 tentias
763 2127 1040 2164 statutorum
1085 2128 1131 2164 et
1173 2122 1510 2164 ordinationum
1550 2122 1811 2177 hujusmodi

553 2202 633 2242 per
673 2188 1080 2241 transgressionem
1118 2201 1275 2229 eorum
1314 2189 1618 2238 incurrerunt,
1659 2189 1809 2242 elege-

554 2259 659 2296 runt
693 2255 740 2295 in
777 2254 863 2296 hac
891 2259 1038 2307 parte,
1064 2254 1188 2307 ipsos
1223 2254 1412 2295 abbates
1446 2258 1492 2295 et
1526 2254 1757 2309 praelatoS,
1784 2268 1814 2296 a

554 2321 702 2374 poenis
734 2325 780 2361 et
814 2320 1055 2362 sententiis
1093 2319 1354 2374 hujusmodi
1393 2320 1670 2362 auctoritate
1700 2334 1810 2374 apo-

553 2387 729 2436 stolica,
764 2386 905 2440 juxta
943 2386 1135 2427 sormam
1179 2386 1398 2435 ecclesiae,
1438 2385 1722 2435 absolvendi,
1764 2391 1811 2428 et

554 2465 656 2493 cum
694 2453 759 2493 eis
799 2464 936 2505 super
974 2450 1312 2504 irregularitate
1348 2456 1394 2492 et
1431 2451 1810 2502 inhabilitatibus‚

554 2519 891 2570 praemissorum
940 2517 1178 2558 occasione
1230 2517 1494 2566 contractis,
1537 2518 1811 2559 auctoritate

555 2583 775 2636 praedicta
826 2582 1136 2637 dispensandi,
1179 2586 1224 2623 et
1275 2588 1369 2623 tam
1421 2582 1606 2633 eisdem,
1654 2582 1810 2635 ligatis

556 2649 784 2701 praediotis
824 2649 1062 2690 sententiis
1105 2654 1243 2701 atque
1279 2648 1444 2701 poenis,
1484 2652 1590 2700 post
1630 2649 1811 2690 absolu-

556 2715 724 2756 tionem
781 2714 1055 2768 hujusmodi,
1110 2726 1245 2767 quam
1306 2713 1408 2754 aliis
1473 2714 1714 2755 abbatibus
1767 2720 1813 2756 et

556 2780 757 2832 praelatis
776 2780 911 2822 dictae
944 2780 1193 2832 religionis,
1218 2779 1420 2832 praefatis
1452 2779 1600 2833 poenis
1629 2785 1676 2821 et
1708 2793 1811 2821 sen—
