2038 3306
575 301 662 342 332
1068 313 1129 342 cn
1138 313 1343 344 RonicoN

365 427 482 453 mmm
502 427 560 454 111.
578 428 660 456 nos
682 421 727 457 te
755 427 987 467 nunquam
1019 415 1352 467 offenderimus,
1375 429 1457 457 nec
1481 421 1639 457 contra
1670 421 1715 456 te
1745 415 1829 455 ali-

363 461 560 548 Bt'llz'tssffi}
577 480 685 534 quid
709 480 976 531 fecerimus3
1009 493 1269 533 quanquam
1301 487 1346 522 et
1373 482 1680 522 intelleximus
1714 480 1830 520 falso

363 549 499 607 {gg-‘³⁶¹⁰‘
576 551 623 587 et
663 546 941 586 mendaciter
985 550 1252 597 suggestum
1286 547 1369 586 tibi
1408 559 1489 599 per
1530 559 1608 587 eos
1651 546 1729 599 qui
1771 551 1830 593 te,

577 611 772 652 salutem
797 615 844 651 et
864 609 1079 651 honorem
1105 614 1234 651 tuum
1257 610 1440 651 minime
1461 610 1657 662 diligunt
1679 611 1830 659 suerit,

573 676 694 728 quod
758 688 841 716 nos
897 675 1130 716 carissimo
1185 675 1235 716 in
1283 674 1467 716 Christo
1525 675 1617 716 filio
1674 680 1830 716 nostro

575 740 789 794 Philippo
810 741 905 793 regi
927 740 1134 782 Franciae
1151 740 1334 789 illustri,
1350 741 1396 780 in
1415 740 1635 781 auxilium
1653 753 1829 792 guerrae

573 819 685 855 suae,
725 806 955 858 ingentem
990 806 1195 858 pecuniae
1229 806 1531 857 quantitatem
1569 805 1624 845 de
1675 810 1831 845 nostra

574 884 755 912 camera
790 870 1063 920 dederimus,
1103 870 1315 923 quodque
1356 870 1685 911 institutionem
1731 882 1832 922 per-

574 949 788 977 sonarum
828 936 1236 976 ecclesiasticarum
1276 948 1645 976 concesseramus
1686 935 1829 976 eidem

575 1001 619 1041 in
658 1001 865 1042 omnibus
901 1000 1103 1041 ecclesiis
1137 1000 1267 1053 regni
1300 1001 1387 1050 sui,
1425 1013 1529 1053 quae
1569 1000 1830 1041 omnimoda

575 1079 729 1107 carere
774 1066 969 1107 veritate
1009 1071 1288 1117 noscuntur3
1327 1066 1440 1106 talia
1476 1078 1673 1118 namque
1715 1078 1831 1105 nun-

575 1143 711 1183 quam
755 1131 989 1183 postulata
1031 1130 1214 1171 fuerunt
1257 1141 1286 1170 a
1323 1131 1468 1177 nobis,
1505 1143 1588 1170 nee
1628 1143 1683 1170 ea
1721 1142 1829 1170 con-

575 1196 870 1236 cessissemus
922 1195 1263 1247 quomodolibet
1311 1207 1414 1235 eum
1477 1199 1830 1247 quantacunque

575 1260 791 1301 instantia
821 1260 965 1312 petita
988 1259 1208 1309 fuissent3
1242 1272 1324 1300 nec
1356 1259 1553 1300 decimas
1585 1264 1746 1300 contra
1783 1265 1828 1300 te

575 1325 672 1377 regi
710 1324 915 1366 Franciae
953 1325 1272 1373 concessimus,
1297 1325 1377 1365 sed
1410 1324 1630 1365 adversus
1657 1324 1828 1365 Teuto-

574 1390 699 1431 nicos
716 1394 727 1411 ‘
741 1389 989 1431 Ludovico'
1003 1388 1014 1410 ¹
1033 1390 1317 1430 adhaerentes
1339 1390 1573 1443 praedicto,
1593 1390 1828 1442 ipsiusque

574 1455 776 1496 ecclesiae
820 1455 1043 1496 Romanae
1079 1454 1300 1504 inimicos,
1337 1455 1415 1507 qui
1452 1454 1509 1495 ad
1547 1455 1826 1495 invasionem

572 1521 699 1572 regni
723 1520 930 1560 Franciae
957 1532 1020 1569 se,
1045 1524 1097 1560 ut
1131 1520 1330 1560 habebat
1358 1532 1512 1560 rumor
1544 1519 1754 1572 publicus
1783 1525 1830 1561 et

572 1586 793 1634 notorius,
812 1585 1129 1638 disponebant,
1160 1586 1278 1626 sicut
1306 1585 1352 1625 in
1384 1585 1675 1626 concessione
1709 1585 1827 1625 deci-

571 1663 748 1691 marum
778 1651 979 1702 ipsarum
1010 1650 1267 1690 continetur
1298 1662 1529 1702 expresse.
1601 1649 1708 1690 Non
1743 1649 1830 1691 fuit

572 1728 733 1768 nempe
759 1719 927 1755 nostrae
955 1715 1220 1755 intentionis
1250 1714 1468 1756 adversus
1498 1720 1543 1755 te
1577 1715 1827 1755 fomentum

571 1781 824 1820 ministrare
859 1779 1096 1820 discordiae
1120 1784 1130 1801 ‘
1146 1779 1219 1820 vel
1241 1777 1390 1820 eam’⁵z
1421 1779 1614 1833 alicujus
1637 1780 1827 1820 subsidii

571 1844 961 1886 administratione
990 1844 1177 1894 fulcire3
1211 1844 1458 1896 quinimmo
1489 1849 1662 1885 statum
1694 1845 1824 1897 regni

571 1914 582 1930 ‘
602 1910 668 1950 tui
683 1909 717 1930 ’³
738 1915 783 1949 et
808 1909 944 1950 etiam
966 1910 1095 1961 regni
1121 1909 1342 1959 Franciae‚
1359 1910 1485 1962 pacis
1507 1914 1553 1950 et
1571 1910 1825 1950 concordiae

572 1974 874 2027 prosperitate
924 1979 970 2014 et
1010 1974 1308 2015 unanimitate
1345 1974 1484 2028 potiri
1521 1973 1707 2015 summis
1747 1975 1824 2015 de-

570 2039 746 2079 sideriis
791 2039 1071 2087 affectantes,
1116 2040 1173 2080 ad
1218 2039 1320 2089 hoc,
1362 2039 1598 2080 serenitati
1642 2044 1734 2080 tuae
1779 2045 1825 2081 et

571 2104 693 2145 dicto
713 2105 810 2156 regi
834 2104 1042 2145 Franeiae
1063 2117 1144 2156 per
1175 2118 1258 2145 nos
1293 2117 1416 2157 saepe
1444 2104 1630 2145 directis
1661 2104 1821 2154 literis,

571 2175 615 2210 et
650 2170 787 2210 etiam
823 2169 1015 2216 nunciis,
1052 2170 1261 2210 videlicet
1296 2175 1467 2211 sanetae
1507 2169 1731 2211 Romanae
1754 2183 1824 2211 ec-

571 2235 722 2276 clesiae
768 2235 1074 2275 cardinalibus
1117 2234 1173 2275 ad
1220 2241 1375 2287 partes
1427 2235 1531 2275 illas
1577 2234 1634 2274 de
1679 2234 1823 2277 latere

570 2307 726 2341 nostro
770 2300 935 2349 missis,
980 2299 1100 2340 votis
1147 2299 1411 2340 ardentibus
1458 2299 1746 2348 laboramus,
1776 2307 1823 2341 et

569 2365 723 2406 labore
753 2378 843 2405 non
875 2377 1120 2413 cessamus,
1156 2378 1240 2405 nec
1281 2365 1575 2413 cessabimus,
1614 2369 1665 2404 nt
1704 2364 1822 2406 inter

568 2435 613 2470 te
636 2435 681 2471 et
702 2443 854 2482 regem
884 2429 1073 2470 eundem
1111 2434 1158 2470 et
1188 2430 1424 2482 utriusque
1448 2441 1605 2481 regna,
1626 2430 1751 2481 pacis
1775 2435 1821 2470 et

568 2495 756 2536 unitatis
803 2495 1024 2535 serenitas
1076 2494 1325 2535 illucescat.
1409 2494 1481 2535 Tu
1534 2499 1701 2542 tamen,
1756 2494 1819 2535 fili

614 2630 622 2648 ¹
645 2633 654 2650 ‘
666 2632 856 2664 Ludovicos
867 2631 1063 2670 Ludovico‚’
1074 2631 1175 2662 MSS.

566 2679 652 2710 (3011.
666 2678 784 2717 Magd.
796 2677 863 2709 and
874 2677 962 2708 Cott.
975 2677 1068 2708 Nero
1080 2677 1126 2708 D.
1139 2677 1175 2708 ii.
1256 2676 1270 2696 ³
1293 2676 1442 2708 Omitted
1452 2677 1485 2707 in
1497 2676 1690 2708 Mss.cou.
1702 2677 1819 2717 Magd.

611 2722 623 2740 ²
645 2726 654 2740 ‘
668 2725 717 2754 tui
755 2724 809 2754 vel
842 2719 921 2762 eos,’
958 2723 1059 2755 MSS.
1090 2722 1177 2755 Coll.
1212 2724 1277 2754 and
1294 2723 1380 2755 Cott.
1399 2723 1490 2753 Nero
1506 2722 1552 2753 D.
1569 2722 1606 2753 ii.

568 2769 683 2808 Magd.
700 2769 767 2800 and
782 2768 870 2801 Cott.
889 2769 918 2799 N
925 2778 981 2799 ero
997 2768 1043 2799 D.
1060 2768 1095 2799 ii.
