1992 3202
527 258 584 300 90
1016 257 1295 299 ennomcoN

333 384 452 410 mma
465 384 489 410 1.
528 376 574 413 et
589 370 742 414 caeteri
762 368 947 422 Anglici
963 369 1183 419 universi,
1203 374 1373 412 extunc
1395 373 1615 423 tanquam
1633 368 1788 410 hostes

322 417 358 456 θ’
372 418 407 443 D‘
420 419 495 443 ¹²⁹⁵‘
511 437 697 492 ‘publici
721 434 1100 484 ‘censebantur‚’²
1117 440 1163 477 et
1180 435 1479 490 ejiciebantur
1499 449 1527 477 a
1547 448 1690 489 regno
1709 435 1789 488 qui

527 504 653 556 prius
681 506 843 555 sponte
862 514 954 542 non
984 506 1279 542 recesserant.
1350 501 1479 543 Inter
1507 514 1622 555 quos
1643 501 1788 542 domi-

527 581 613 609 nus
636 568 871 609 Robertus
901 566 957 607 de
989 567 1156 621 Bruys,
1178 566 1299 608 filius
1328 566 1522 608 Roberti
1551 567 1702 620 quarti
1732 566 1788 607 de

528 646 621 688 quo
644 646 784 687 supra
803 632 1104 681 meminimus,
1125 633 1234 686 quia
1255 632 1312 674 ad
1333 632 1452 673 diem
1482 632 1610 673 illum
1632 632 1787 673 venire

529 703 880 753 contempserat,
911 698 1021 739 data
1050 702 1120 740 est
1151 702 1274 739 terra
1308 710 1404 746 sua,
1436 697 1610 739 scilicet
1637 697 1788 739 Vallis

529 763 791 815 Anandiae‚²
807 765 990 806 domino
1005 764 1035 806 J
1040 764 1207 805 ohanni
1222 763 1399 818 Comyn
1415 763 1471 804 de
1486 767 1496 786 ‘
1507 761 1790 816 Boughan,’³

529 836 581 872 ut
611 844 712 872 eam
741 831 788 871 in
819 830 1018 872 dominio
1049 829 1303 883 possideret
1323 834 1369 871 et
1393 828 1654 870 defenderet
1684 833 1787 870 tan-

531 909 670 950 quam
712 909 869 944 suam;
917 908 1055 949 quam
1096 908 1200 936 cum
1240 899 1362 936 esset
1402 895 1637 948 ingressus
1683 907 1790 935 mox

530 974 688 1003 omnes
710 962 910 1003 decimas
936 966 1115 1002 nostras
1146 960 1349 1015 eiusdem
1380 961 1542 1014 patriae
1567 960 1625 1001 ad
1646 961 1790 1001 muni-

530 1028 700 1069 tionem
731 1027 871 1068 castri
901 1027 957 1068 de
989 1026 1288 1080 Loghmaban
1318 1027 1492 1080 absque
1521 1026 1616 1067 ullo
1642 1026 1789 1079 pretio

530 1093 639 1134 fecit
681 1093 846 1134 cariari
891 1097 938 1134 et
981 1092 1202 1133 violenter
1244 1092 1446 1132 retinuit.
1536 1091 1643 1132 Rex
1680 1104 1790 1133 vero

530 1163 687 1199 noster
728 1158 835 1198 dum
873 1157 920 1198 in
958 1158 1105 1211 primo
1146 1157 1382 1210 proposito
1419 1161 1706 1210 permaneret
1741 1162 1793 1199 ut

531 1224 618 1264 sibi
652 1223 876 1264 auxilium
912 1223 1185 1272 mitteretur,
1220 1227 1266 1263 et
1301 1222 1464 1263 illusus
1495 1227 1633 1272 esset,
1667 1227 1714 1264 et
1748 1223 1791 1264 ei

530 1289 714 1330 tandem
756 1288 1031 1342 proterviter
1072 1288 1159 1329 hoc
1207 1287 1343 1329 modo
1392 1300 1659 1341 responsum
1706 1293 1789 1331 est.

531 1354 762 1396 Dixerunt
791 1354 910 1395 enim
941 1367 1023 1395 nec
1061 1367 1214 1406 regem
1242 1353 1422 1395 illorum
1453 1367 1537 1395 nec
1567 1367 1616 1396 se
1648 1355 1792 1396 teneri

530 1420 578 1461 in
611 1420 782 1474 aliquo,
809 1432 893 1461 nec
919 1421 1130 1474 precibus
1163 1418 1288 1474 ejus⁴
1310 1421 1381 1461 vel
1403 1420 1644 1474 praeceptis
1660 1421 1791 1462 obse-

531 1486 775 1539 quendum,
797 1487 1025 1539 praecipue
1046 1499 1148 1527 cum
1170 1499 1198 1526 a
1220 1486 1442 1527 fidelitate
1463 1499 1549 1527 sua
1567 1491 1613 1527 et
1634 1486 1791 1528 homa-

531 1551 608 1604 gio
645 1551 822 1601 illicito,
862 1552 980 1605 quod
1019 1564 1047 1593 a
1081 1564 1188 1604 rege
1224 1565 1380 1593 eorum
1418 1556 1674 1593 extorserat
1709 1565 1792 1605 per

530 1617 800 1670 potentiam,
820 1630 849 1658 a
873 1617 1121 1659 Coelestino
1145 1630 1267 1671 papa
1298 1617 1597 1659 absolutionis
1621 1618 1790 1659 benefi-

531 1683 649 1723 cium
674 1682 856 1723 fuerant
887 1683 1135 1725 consecuti.
1198 1682 1332 1733 Quod
1364 1696 1466 1724 cum
1487 1683 1689 1725 audisset
1709 1697 1792 1725 rex

530 1748 723 1789 miratus
765 1753 850 1798 est,
891 1754 936 1790 et
977 1762 1132 1790 eorum
1175 1748 1399 1790 seditione
1439 1749 1641 1801 cognita,
1681 1749 1793 1802 ipsis

531 1819 750 1867 tanquam
799 1813 1007 1855 fidelibus
1060 1815 1154 1855 suis
1206 1815 1512 1868 praecipiendo
1555 1815 1791 1857 mandavit

530 1883 581 1920 ut
630 1893 907 1933 quamquam
963 1880 1185 1921 auxilium
1239 1881 1326 1921 sibi
1385 1881 1501 1921 ferre
1554 1886 1792 1934 negarent,

529 1944 684 1986 hostes
716 1950 868 1986 tamen
899 1958 1007 1986 suos
1040 1946 1243 1986 Francos
1265 1946 1339 1987 vel
1367 1946 1672 1987 Flandrenses
1700 1960 1789 1987 non

530 2010 825 2052 admitterent
858 2011 905 2051 in
942 2015 1108 2052 terram
1143 2024 1300 2063 suam;
1346 2016 1392 2053 et
1425 2012 1464 2052 si
1498 2012 1545 2052 in
1583 2012 1672 2052 fide
1708 2025 1793 2053 sua

315 2089 513 2121 KingEdward
530 2088 713 2117 manere
762 2076 948 2125 vellent,
994 2077 1084 2117 tria
1129 2082 1284 2118 castra
1324 2077 1572 2126 nominata,
1617 2077 1793 2119 scilicet

314 2124 450 2148 demands

315 2157 393 2181 three
405 2156 478 2187 prm-
529 2140 773 2195 Berewyk,
816 2141 1124 2196 Rokesburgh
1164 2147 1211 2183 et
1251 2140 1578 2195 Edensburgh⁵
1617 2142 1704 2184 sibi
1747 2148 1794 2184 et

314 2189 386 2221 cipal
397 2190 450 2215 for—

576 2290 584 2309 ¹
611 2292 853 2333 ‘tenebantur,'
868 2292 944 2325 MS.
961 2293 1087 2326 Lansd.
1182 2293 1378 2334 Roxburgh,
1423 2293 1490 2324 and
1533 2292 1719 2326 Gedworth
1757 2304 1795 2325 or

576 2339 588 2358 ²
608 2338 822 2370 Annandale.
1179 2339 1368 2379 Jedburgh,
1396 2349 1433 2370 as
1465 2349 1608 2379 appears
1637 2340 1721 2371 from
1751 2350 1795 2371 an

575 2382 588 2401 ³
608 2384 792 2424 ‘Bochan,’
807 2384 883 2416 MS.
901 2385 1028 2416 Lansd.
1178 2385 1361 2425 obligation
1396 2386 1579 2416 witnessed
1620 2386 1664 2425 by
1702 2386 1795 2426 King

575 2429 586 2447 ⁴
611 2431 708 2462 From
724 2431 904 2470 ‘precibus
921 2428 1014 2470 ejus’
1037 2433 1070 2461 to
1086 2430 1142 2461 the
1179 2430 1329 2461 Edward
1355 2434 1390 2462 at
1416 2431 1661 2471 Westminster,
1689 2431 1793 2463 Octo-

528 2476 639 2508 words
675 2477 685 2494 ‘
702 2477 845 2508 voluerit
880 2477 993 2508 veniat
1029 2476 1143 2507 admo-
1178 2477 1237 2507 ber
1267 2479 1320 2515 16,
1350 2476 1513 2517 wherein,
1543 2477 1630 2508 after
1667 2479 1793 2518 stating

528 2523 632 2562 dum‚'
656 2523 690 2554 in
723 2523 778 2554 the
806 2523 933 2554 section
964 2522 1142 2562 entituled,
1177 2522 1250 2553 that
1279 2522 1334 2553 the
1362 2522 1455 2562 King
1484 2522 1522 2553 of
1548 2523 1707 2554 Scotland
1729 2524 1792 2555 had

528 2568 538 2586 ‘
555 2569 645 2600 Scoti
685 2572 901 2600 vastaverunt
936 2569 1034 2608 quasi
1073 2571 1141 2599 tres
1177 2567 1334 2599 delivered
1360 2578 1401 2609 up
1425 2571 1458 2599 to
1486 2568 1576 2600 John
1603 2569 1731 2608 Bishop
1758 2570 1797 2601 of

528 2615 729 2654 comitatus,'
745 2623 777 2647 A.
799 2623 832 2647 D.
848 2617 945 2654 129⁷,
961 2624 994 2653 p.
1014 2616 1089 2655 141,
1112 2615 1141 2646 is
1178 2613 1321 2645 Carlisle
1339 2614 1393 2646 the
1417 2614 1585 2646 aforesaid
1607 2616 1735 2654 places,
1749 2616 1791 2647 he

527 2661 592 2691 lost
603 2664 660 2691 out
676 2661 715 2692 of
727 2660 1036 2693 MS.Lansdowne.
1177 2660 1274 2691 binds
1306 2660 1444 2691 himself
1469 2664 1502 2691 to
1540 2664 1666 2692 restore
1700 2662 1791 2693 them

574 2706 587 2724 ⁵
621 2707 682 2738 We
713 2707 834 2738 should
864 2707 943 2738 here
973 2706 1054 2738 read
1084 2705 1140 2737 the
1176 2706 1276 2746 again
1304 2716 1341 2738 so
1368 2716 1449 2738 soon
1474 2716 1512 2738 as
1536 2707 1591 2738 the
1614 2717 1687 2739 war
1708 2708 1792 2739 with

526 2752 647 2783 castles
674 2753 739 2783 and
766 2756 873 2784 towns
903 2753 942 2784 os
971 2752 1140 2792 Berwick,
1177 2753 1304 2784 France
1351 2752 1473 2784 should
1514 2753 1555 2785 be
1595 2754 1792 2785 concluded.
1839 2773 1842 2778 -
