2038 3306
508 289 735 319 wmwmu
769 290 831 320 DE
865 290 1238 321 immmcssustcfl.
1410 281 1497 322 293

235 393 405 433 mensis
437 393 666 434 Octobris.
740 394 797 435 In
828 407 920 447 quo
952 395 1134 448 quidem
1178 395 1372 436 concilio
1403 400 1496 436 tres

234 457 342 499 fecit
372 459 615 500 sessiones.
687 459 743 500 In
760 461 904 513 prima
922 461 1124 502 sessione
1143 460 1266 502 facto
1285 473 1495 502 sermone

235 524 452 576 exposuit
473 525 596 566 clero
616 526 752 567 ‘tres’
765 525 776 546 ¹
794 527 1032 576 articulos,
1054 539 1192 580 super
1208 526 1375 580 quibus
1394 532 1494 569 erat

236 589 554 643 principaliter
586 592 877 633 tractandum
909 597 956 634 et
986 592 1314 634 consulendum
1352 605 1492 646 super

235 659 361 696 statu
412 657 686 698 universalis
737 658 941 699 ecclesiae
995 657 1302 708 reformando,
1352 670 1491 711 super

235 722 420 774 negotio
445 722 602 764 Terrae
625 722 825 773 Sanctae,
852 723 1081 777 quomodo
1113 728 1272 777 posset
1304 736 1493 777 recupe-

235 788 327 828 rari
352 793 398 831 et
429 789 562 838 tueri,
586 793 632 830 et
653 801 792 842 super
822 788 980 830 ordine
1001 789 1370 842 Templariorum
1410 790 1490 844 qui

235 866 318 905 pro
339 853 465 895 nullo
497 853 766 903 habebatur,
789 854 1099 907 praecepitque
1131 855 1342 896 omnibus
1370 867 1489 908 prae-

232 918 339 959 latis
384 924 430 959 et
469 919 663 972 singulis
704 919 782 972 qui
824 925 1149 969 convenerant,
1189 920 1312 973 quod
1352 932 1491 974 super

234 984 484 1036 praemissis
497 984 705 1026 articulis
719 997 865 1038 usque
882 985 940 1026 ad
966 985 1211 1026 secundam
1235 985 1486 1027 sessionem

233 1049 552 1092 deliberarent.
645 1049 702 1092 In
758 1051 960 1092 secunda
1004 1051 1207 1092 sessione
1254 1051 1377 1093 facta
1418 1056 1488 1094 est

233 1115 372 1168 longa
395 1116 648 1170 disputatio
673 1116 729 1158 de
750 1117 907 1158 ordine
929 1116 1311 1170 Templariorum,
1332 1122 1486 1159 utrum

233 1186 357 1223 stare
405 1187 563 1235 posset
597 1182 673 1224 vel
711 1182 851 1224 deleri
896 1182 952 1224 de
989 1183 1096 1237 jure
1138 1183 1355 1225 deberet?
1428 1183 1488 1225 Et

234 1253 364 1288 erant
405 1261 487 1302 pro
536 1249 692 1290 ordine
731 1248 1097 1302 Templariorum
1135 1249 1317 1302 praelati
1357 1250 1490 1302 quasi

234 1326 407 1363 omnes,
439 1319 609 1368 praeter
645 1314 864 1368 praelatos
906 1314 1130 1365 Franciae‚
1166 1315 1262 1368 qui,
1301 1320 1488 1369 propter

231 1380 438 1421 timorem
462 1381 584 1433 regis
607 1380 830 1429 Franciae,
855 1393 937 1434 per
970 1393 1121 1433 quem,
1143 1385 1195 1422 ut
1227 1380 1480 1431 dicebatur,

231 1450 378 1486 totum
415 1446 527 1487 illud
560 1446 829 1488 scandalum
860 1446 1026 1495 fuerat,
1059 1446 1184 1487 aliud
1215 1446 1365 1489 facere
1396 1460 1487 1490 non

232 1511 478 1553 audebant.
550 1512 695 1553 Erant
732 1512 849 1553 enim
888 1512 936 1552 in
975 1517 1074 1553 toto
1109 1512 1303 1554 concilio
1339 1512 1485 1569 (quod

230 1578 472 1618 concilium
514 1578 603 1621 dici
638 1591 729 1619 non
769 1578 1046 1627 merebatur,
1081 1578 1192 1631 quia
1234 1591 1294 1619 ex
1335 1579 1487 1632 capite

230 1644 416 1697 proprio
441 1644 594 1685 omnia
627 1643 736 1685 fecit
766 1643 976 1684 dominus
1013 1656 1151 1697 papa,
1174 1656 1263 1685 non
1294 1657 1485 1698 respon-

228 1709 366 1750 dente
397 1723 546 1763 neque
577 1709 891 1751 consentiente
927 1722 1059 1751 sacro
1091 1706 1302 1765 concilio)
1336 1710 1487 1752 baculi

229 1775 484 1828 pastorales
499 1776 679 1817 circiter
695 1776 827 1829 quasi
842 1775 1232 1828 centumtriginta.
1278 1775 1334 1816 In
1351 1777 1488 1820 tertia

230 1842 433 1882 sessione
458 1842 575 1883 sedit
596 1842 807 1883 dominus
838 1854 960 1895 papa
984 1854 1067 1894 pro
1093 1841 1328 1891 tribunali,
1350 1848 1396 1884 et
1428 1843 1486 1884 ab

231 1920 322 1948 uno
344 1908 489 1949 latere
514 1921 599 1949 rex
626 1908 852 1957 Franciae,
875 1908 932 1948 ab
957 1907 1103 1948 altero
1127 1920 1207 1948 rex
1237 1908 1279 1948 N
1287 1909 1486 1950 averniae

227 1973 346 2014 filius
382 1973 499 2028 ejus,
539 1974 832 2027 surrexitque
873 1973 1058 2026 quidam
1104 1973 1311 2022 clericus,
1343 1979 1389 2015 et
1415 1975 1484 2014 in-

225 2039 372 2081 hibuit
427 2042 512 2081 sub
562 2053 701 2093 poena
747 2039 1231 2080 excommunicationis
1280 2040 1486 2094 maj0ris,

226 2118 281 2145 ne
322 2106 490 2159 aliquis
530 2106 794 2159 loqueretur
832 2105 1020 2146 verbum
1055 2105 1100 2144 in
1140 2105 1350 2155 concilio,
1397 2106 1484 2147 nisi

228 2171 488 2212 licentiatus
526 2171 599 2212 vel
636 2170 885 2224 requisitus
915 2183 943 2211 a
972 2182 1106 2223 papa.
1179 2170 1484 2224 Recitatoque

224 2249 442 2290 processu
472 2236 858 2289 Templarfflrum,
880 2235 1049 2290 adjecit
1078 2248 1200 2289 papa
1223 2237 1344 2289 quod
1375 2237 1482 2279 licet

226 2315 282 2342 ex
322 2315 537 2356 processu
574 2302 828 2355 praehabito
865 2302 1016 2354 ipsum
1052 2301 1257 2342 ordinem
1293 2302 1349 2343 de
1378 2303 1483 2357 jure

225 2368 377 2409 delere
399 2381 490 2409 non
523 2373 693 2421 posset,
728 2373 880 2409 tamen
911 2380 968 2408 ex
1006 2366 1287 2420 plenitudine
1327 2374 1482 2421 potes-

225 2435 335 2475 tatis
360 2434 562 2476 ordinem
600 2434 787 2483 delevit,
812 2446 976 2474 nomen
1006 2438 1052 2475 et
1087 2433 1310 2483 habitum,
1339 2440 1484 2477 terras

221 2512 378 2541 eorum
401 2506 447 2542 et
483 2500 793 2553 possessiones
821 2499 1154 2552 Hospitalariis
1187 2499 1482 2548 conferendo,

222 2567 535 2619 aggregando,
552 2571 598 2606 et
620 2565 831 2607 uniendo.
883 2565 1121 2626 Decimam
1143 2565 1281 2606 etiam
1302 2565 1483 2608 univer-

222 2633 333 2673 salis
370 2632 578 2673 ecclesiae
608 2645 690 2685 per
738 2644 822 2672 sex
870 2643 1014 2672 annos
1053 2630 1151 2683 regi
1199 2631 1483 2674 Francorum

513 2768 521 2787 ¹
546 2772 555 2790 ⁴
568 2769 706 2814 omnes,’
719 2771 793 2804 MS.
811 2771 851 2804 C.
869 2771 909 2803 C.
926 2771 966 2805 O.
983 2771 1080 2804 Cant.
1101 2773 1176 2803 100.

1525 406 1644 431 Edward
1660 405 1699 429 11.

1524 439 1602 464 Aa),
1620 439 1694 463 1³11.

1521 1074 1558 1101 A.
1567 1074 1602 1100 D.
1618 1075 1693 1101 1³12.

1502 2195 1562 2220 The
1575 2195 1662 2220 Order
1673 2193 1702 2220 ol

1503 2227 1627 2259 Knights

1501 2261 1647 2292 Templars

1502 2295 1655 2319 abolishem
