2038 3306
567 308 659 352 338
1014 330 1017 332 ·
1057 321 1334 352 onnomcon

357 436 478 464 nunni
499 436 557 462 111.
574 425 684 466 tatis
704 422 1022 477 cognitionem.
1093 422 1216 474 Quia
1233 436 1340 466 vero
1363 415 1593 465 notorium
1613 428 1684 464 est
1704 423 1827 477 quod

373 471 410 497 A.
421 470 456 496 D.
471 471 546 495 1³40.

358 525 512 550 limitato
530 525 563 550 of

360 558 437 589 Kiug
450 557 505 583 Ed-

358 591 444 620 vud.
455 591 557 616 mert-

575 488 784 532 dominus
830 488 1026 530 Carolus
1061 488 1194 530 bonae
1239 489 1485 538 memoriae,
1533 488 1704 530 dudum
1746 501 1828 530 rex

579 555 803 604 Franciae,
825 554 882 596 de
911 567 1053 607 regno
1091 554 1298 595 Franciae
1327 554 1611 596 haereditarie
1645 554 1829 595 seisitus

360 625 409 654 ¹¹¹8
419 624 465 649 Μ·
479 623 542 648 ²¹⁰0
576 622 698 662 viam
720 620 946 662 universae
975 620 1128 661 carnis
1156 619 1390 672 ingressus
1417 623 1502 668 est,
1526 623 1574 660 et
1602 619 1723 672 quod
1745 631 1828 660 nos

359 659 390 682 to
401 656 450 682 the
465 662 558 681 crown

359 689 391 715 or
400 689 516 715 Pramo.

575 686 696 728 filius
742 698 971 739 germanae
1010 684 1180 726 sororis
1222 684 1333 726 dicti
1372 683 1527 725 Caroli
1567 697 1666 725 esse
1699 684 1830 726 dino-

575 752 760 802 scimur,
798 756 906 805 post
939 750 1071 805 cujus
1106 750 1279 791 obitum
1314 749 1583 804 praedictum
1620 749 1830 791 Franciae

575 830 765 870 regnum
780 817 911 859 nobis
930 815 1219 858 haereditario
1236 815 1342 870 jure
1356 814 1515 856 existit
1538 815 1830 867 devolutum;

575 882 876 936 dominusque
898 881 1140 935 Philippus
1169 881 1226 922 de
1245 881 1453 930 Valesio,
1474 880 1595 922 filius
1618 879 1831 922 avunculi

575 948 686 990 dicti
715 947 886 990 domini
919 946 1091 997 Caroli,
1122 946 1170 988 in
1201 946 1510 999 longinqquri
1547 945 1691 1000 gradu
1728 958 1830 999 per-

575 1014 757 1063 sistens,
804 1018 965 1055 contra
1006 1012 1155 1054 Deum
1201 1017 1248 1053 et
1289 1012 1534 1067 justitiam,
1585 1011 1829 1053 dummodo

576 1079 725 1120 minor
770 1083 884 1120 aetas
929 1090 1012 1119 nos
1054 1077 1255 1128 fovebat,
1289 1090 1371 1131 per
1411 1090 1542 1118 suam
1579 1078 1828 1130 potentiam

576 1143 748 1185 dictum
770 1156 962 1196 regnum
983 1143 1224 1195 usurpavit
1242 1148 1290 1184 et
1317 1142 1491 1197 injuste
1518 1142 1721 1183 detinere
1741 1155 1830 1183 non

575 1209 743 1250 timuit.
823 1207 925 1249 Nos
966 1220 1077 1249 vero
1113 1221 1197 1261 per
1241 1219 1470 1248 morosam
1524 1207 1832 1261 grandemque

577 1272 968 1323 deliberationem,
992 1273 1039 1314 in
1061 1272 1231 1314 fiducia
1255 1273 1344 1314 Dei
1372 1274 1685 1326 bonarumque
1719 1286 1831 1326 gen-

577 1339 690 1380 tium
727 1351 781 1380 ao
812 1339 1049 1389 nobilium,
1071 1339 1275 1391 regimen
1308 1338 1515 1392 praedicti
1546 1339 1691 1391 regni,
1714 1339 1835 1380 sicut

579 1409 800 1454 tenemur,
841 1404 1171 1458 assumpsimus
1206 1409 1253 1445 et
1292 1417 1472 1454 nomen,
1515 1409 1562 1445 et
1594 1417 1697 1445 cum
1739 1404 1832 1445 illis

578 1470 658 1522 qui
697 1482 807 1523 erga
852 1482 937 1511 nos
980 1469 1130 1511 facere
1175 1469 1405 1511 voluerint
1443 1469 1564 1523 quod
1604 1474 1833 1519 tenentur,

577 1534 708 1576 firmo
736 1547 1080 1589 perseveramus
1100 1535 1336 1588 proposito
1360 1539 1407 1576 et
1429 1535 1599 1584 stabili,
1618 1535 1835 1588 gratiose,

579 1601 702 1653 quod
721 1601 852 1642 nobis
874 1605 887 1623 ‘
900 1599 1169 1650 incumbit‚’²
1192 1601 1387 1654 operari.
1459 1600 1560 1642 Nec
1580 1605 1651 1642 est
1673 1600 1830 1653 utique

578 1665 842 1707 intentionis
878 1671 1049 1707 nostrae
1087 1665 1296 1720 justitias
1327 1670 1589 1707 vestras-et
1618 1665 1728 1720 jura
1764 1666 1834 1706 in-

578 1728 729 1772 debite
753 1731 881 1772 vobis
901 1731 1097 1780 auferre,
1117 1731 1196 1772 sed
1230 1731 1495 1784 aequitatem
1525 1735 1571 1772 et
1597 1730 1830 1785 justitiam

578 1796 772 1845 cunctis,
795 1796 897 1837 Deo
923 1796 1137 1850 propitio,
1167 1796 1316 1838 facere
1345 1796 1635 1846 meditamur,
1666 1797 1832 1838 bonas-

579 1873 668 1914 que
706 1861 1057 1903 consuetudines
1096 1865 1301 1914 tempore
1342 1861 1648 1915 progenitoris
1689 1863 1833 1904 nostri

578 1926 738 1967 Sancti
765 1926 988 1968 Ludovici
1020 1927 1339 1980 promulgatas
1362 1939 1659 1968 reassumere.
1729 1927 1830 1969 Nec

577 1996 648 2033 est
700 1991 949 2033 voluntatis
998 1996 1168 2033 nostrae
1218 1996 1424 2033 nostrum
1478 1992 1831 2034 emolumentum

576 2069 781 2109 quaerere
801 2061 1094 2110 vestrumque
1123 2057 1410 2111 dispendium
1444 2070 1527 2111 per
1548 2063 1832 2100 monetarum

575 2196 652 2227 lour
669 2196 758 2228 droit
781 2206 855 2236 roy,
875 2199 909 2228 et
934 2196 1035 2228 affere
1061 2206 1083 2228 a
1104 2206 1190 2228 nous
1223 2206 1244 2228 a
1259 2197 1388 2228 checun
1411 2196 1485 2238 [de]
1502 2207 1585 2229 vous
1599 2198 1836 2238 especialment

576 2242 652 2273 lour
667 2242 793 2282 deyver
807 2246 900 2274 entre
915 2252 957 2282 cy
972 2245 1006 2273 et
1018 2242 1053 2273 la
1068 2242 1134 2274 sest
1148 2243 1190 2274 de
1223 2245 1310 2274 estre
1320 2244 1444 2282 notifie,
1453 2244 1483 2274 si
1493 2244 1546 2275 lez
1554 2253 1669 2275 avoms
1679 2244 1741 2275 fait
1750 2245 1837 2284 pub-

580 2287 713 2320 Pasohe
735 2288 922 2328 procheyen
946 2298 1080 2328 aventer,
1094 2292 1192 2328 seynt
1224 2289 1309 2320 blier
1327 2290 1522 2321 entierment
1537 2292 1571 2320 et
1591 2289 1693 2321 ficher
1707 2299 1746 2322 as
1768 2290 1834 2322 hus

579 2343 695 2365 ressuz
720 2343 742 2365 a
764 2338 857 2366 notre
884 2344 964 2374 pees
990 2337 1024 2365 et
1052 2343 1074 2365 a
1098 2338 1191 2366 notre
1223 2335 1266 2366 de
1276 2334 1402 2375 eglisez
1416 2338 1450 2366 et
1461 2345 1502 2366 en
1517 2339 1613 2367 autre
1624 2336 1755 2375 iusque
1767 2346 1834 2368 eux

577 2379 724 2419 especial
740 2380 923 2419 protection
946 2383 979 2411 et
994 2379 1144 2420 defence,
1159 2383 1193 2411 et
1224 2384 1364 2420 pussent
1377 2391 1478 2412 vener
1496 2381 1594 2413 issint
1615 2391 1637 2412 a
1656 2382 1771 2414 notitie
1791 2382 1834 2414 de

578 2425 644 2464 qils
668 2429 748 2465 eynt
771 2428 850 2457 touz
872 2426 1097 2465 plenerement
1117 2426 1192 2457 lour
1223 2436 1297 2466 eus,
1311 2436 1353 2458 en
1368 2427 1520 2458 counfort
1534 2427 1576 2459 de
1596 2436 1680 2458 nous
1694 2427 1779 2459 feals
1801 2431 1836 2459 et

580 2471 789 2510 possessione
815 2475 849 2504 et
871 2472 966 2503 biens
991 2471 1138 2503 moebles
1158 2475 1192 2503 et
1223 2475 1352 2504 terrour
1372 2472 1415 2504 de
1438 2482 1524 2504 nous
1544 2473 1653 2504 rebels
1671 2483 1737 2512 que
1753 2474 1835 2513 nuly

578 2526 669 2547 noun
682 2517 830 2549 moebles
844 2526 949 2549 saunz
963 2518 1035 2548 rien
1049 2517 1191 2557 prendre
1223 2527 1286 2558 par
1303 2528 1517 2558 ygnoraunce
1540 2519 1604 2550 dez
1624 2519 1694 2550 ditz
1713 2519 1835 2551 chosez

579 2572 622 2593 ou
639 2565 726 2594 estre
749 2572 892 2603 grevous
908 2572 994 2603 pour
1015 2562 1115 2594 chose
1129 2563 1191 2594 fait
1223 2573 1259 2595 se
1306 2564 1404 2603 puise
1452 2574 1603 2596 excuser.
1670 2564 1768 2596 Done
1812 2575 1834 2597 a

578 2617 620 2639 en
641 2611 749 2648 temps
771 2617 892 2648 passe3
921 2611 955 2640 et
983 2608 1036 2640 lez
1064 2609 1190 2651 voloms
1223 2608 1370 2649 Gaunte,
1384 2610 1417 2641 le
1429 2618 1529 2642 xvm.
1539 2611 1620 2650 jour
1628 2610 1670 2641 de
1681 2610 1835 2652 Feverer,

578 2663 700 2685 sauver
711 2657 745 2685 et
759 2658 951 2694 meyntener
960 2663 1023 2694 par
1032 2657 1124 2685 toutz
1138 2655 1190 2686 lez
1222 2655 1278 2686 lan
1300 2655 1342 2686 de
1364 2658 1456 2686 notre
1486 2665 1585 2696 regne
1611 2656 1654 2688 de
1680 2656 1832 2689 Fraunce

577 2709 683 2739 voyez
697 2710 763 2739 que
785 2710 870 2732 nous
892 2709 999 2740 poms,
1014 2709 1106 2731 come
1129 2709 1190 2740 par
1222 2701 1347 2740 primer
1360 2704 1393 2731 et
1407 2701 1639 2742 d’Engleterre
1653 2706 1756 2733 x11110.

576 2754 695 2776 reason
706 2746 788 2777 faire
798 2746 946 2778 devoms.
980 2746 1026 2777 Et
1036 2755 1122 2785 pour
1130 2755 1190 2777 ceo
1269 2744 1279 2765 ¹
1302 2746 1312 2763 ‘
1325 2746 1502 2786 incubuit,'
1519 2747 1619 2778 MSS.
1638 2747 1725 2779 Cott.
1740 2749 1832 2781 Nero

575 2790 626 2820 lez
642 2791 713 2822 ditz
727 2791 848 2823 chosez
863 2802 903 2823 ue
920 2794 1025 2832 pount
1039 2792 1081 2823 de
1096 2792 1190 2832 leger
1223 2792 1267 2823 D.
1282 2792 1332 2832 ii„
1347 2792 1415 2824 and
1431 2792 1518 2825 Con.
1533 2793 1625 2824 Trin.
1643 2794 1684 2825 R.
1701 2797 1733 2834 5,
1747 2797 1799 2825 10.
