<?xml version="1.0" encoding="UTF-8"?>
<!DOCTYPE html PUBLIC "-//W3C//DTD XHTML 1.0 Transitional//EN"
    "http://www.w3.org/TR/xhtml1/DTD/xhtml1-transitional.dtd">
<html xmlns="http://www.w3.org/1999/xhtml" xml:lang="en" lang="en">
 <head>
  <title>
</title>
<meta http-equiv="Content-Type" content="text/html;charset=utf-8" />
  <meta name='ocr-system' content='tesseract 3.04.00' />
  <meta name='ocr-capabilities' content='ocr_page ocr_carea ocr_par ocr_line ocrx_word'/>
</head>
<body>
  <div class='ocr_page' id='page_1' title='image "./chronicondominiw02hemiuoft/chronicondominiw02hemiuoft_0338.png"; bbox 0 0 2038 3306; ppageno 0'>
   <div class='ocr_carea' id='block_1_1' title="bbox 564 313 1329 354">
    <p class='ocr_par' dir='ltr' id='par_1_1' title="bbox 564 313 1329 354">
     <span class='ocr_line' id='line_1_1' title="bbox 564 313 1329 354; baseline -0.003 0"><span class='ocrx_word' id='word_1_1' title='bbox 564 313 651 354; x_wconf 80' lang='lat'><strong>324</strong></span> <span class='ocrx_word' id='word_1_2' title='bbox 1050 321 1329 353; x_wconf 75' lang='lat' dir='ltr'><strong>cnnomcoN</strong></span> 
     </span>
    </p>
   </div>
   <div class='ocr_carea' id='block_1_2' title="bbox 356 422 1819 478">
    <p class='ocr_par' dir='ltr' id='par_1_2' title="bbox 356 422 1819 478">
     <span class='ocr_line' id='line_1_2' title="bbox 356 422 1819 478; baseline -0.002 -15"><span class='ocrx_word' id='word_1_3' title='bbox 356 438 542 463; x_wconf 63' lang='lat' dir='ltr'><strong>savarum.</strong></span> <span class='ocrx_word' id='word_1_4' title='bbox 565 423 787 478; x_wconf 85' lang='lat' dir='ltr'><strong>sapientis</strong></span> <span class='ocrx_word' id='word_1_5' title='bbox 815 422 1043 476; x_wconf 85' lang='lat' dir='ltr'><strong>exemplo,</strong></span> <span class='ocrx_word' id='word_1_6' title='bbox 1072 422 1150 475; x_wconf 91' lang='lat' dir='ltr'><strong>qui</strong></span> <span class='ocrx_word' id='word_1_7' title='bbox 1179 423 1415 464; x_wconf 84' lang='lat' dir='ltr'><strong>materiam</strong></span> <span class='ocrx_word' id='word_1_8' title='bbox 1445 427 1591 464; x_wconf 89' lang='lat' dir='ltr'><strong>morte</strong></span> <span class='ocrx_word' id='word_1_9' title='bbox 1623 422 1819 475; x_wconf 85' lang='lat' dir='ltr'>plenam,</span> 
     </span>
    </p>
   </div>
   <div class='ocr_carea' id='block_1_3' title="bbox 357 471 540 551">
    <p class='ocr_par' dir='ltr' id='par_1_3' title="bbox 357 471 540 551">
     <span class='ocr_line' id='line_1_3' title="bbox 372 471 540 496; baseline 0.006 -1"><span class='ocrx_word' id='word_1_10' title='bbox 372 473 404 496; x_wconf 86' lang='grc' dir='ltr'><strong>Α.</strong></span> <span class='ocrx_word' id='word_1_11' title='bbox 417 471 450 495; x_wconf 88' lang='lat' dir='ltr'><strong>D.</strong></span> <span class='ocrx_word' id='word_1_12' title='bbox 466 472 540 496; x_wconf 81' lang='lat'>13³9.</span> 
     </span>
     <span class='ocr_line' id='line_1_4' title="bbox 357 525 493 551; baseline -0.007 0"><span class='ocrx_word' id='word_1_13' title='bbox 357 527 451 551; x_wconf 76' lang='lat' dir='ltr'><strong>Letter</strong></span> <span class='ocrx_word' id='word_1_14' title='bbox 462 525 493 550; x_wconf 74' lang='lat' dir='ltr'><strong>of</strong></span> 
     </span>
    </p>
   </div>
   <div class='ocr_carea' id='block_1_4' title="bbox 355 505 549 514">
    <p class='ocr_par' dir='ltr' id='par_1_4' title="bbox 355 505 549 514">
     <span class='ocr_line' id='line_1_5' title="bbox 355 505 549 514; baseline 0 2792"><span class='ocrx_word' id='word_1_15' title='bbox 355 505 549 514; x_wconf 95' lang='lat' dir='ltr'><strong> </strong></span> 
     </span>
    </p>
   </div>
   <div class='ocr_carea' id='block_1_5' title="bbox 571 487 1819 541">
    <p class='ocr_par' dir='ltr' id='par_1_5' title="bbox 571 487 1819 541">
     <span class='ocr_line' id='line_1_6' title="bbox 571 487 1819 541; baseline -0.003 -11"><span class='ocrx_word' id='word_1_16' title='bbox 571 494 582 512; x_wconf 91' lang='lat'><em>‘</em></span> <span class='ocrx_word' id='word_1_17' title='bbox 597 488 867 531; x_wconf 86' lang='lat' dir='ltr'><strong>currentem&#39;</strong></span> <span class='ocrx_word' id='word_1_18' title='bbox 880 487 891 509; x_wconf 89' lang='lat'>¹</span> <span class='ocrx_word' id='word_1_19' title='bbox 910 488 969 528; x_wconf 91' lang='lat' dir='ltr'><strong>ad</strong></span> <span class='ocrx_word' id='word_1_20' title='bbox 988 492 1141 541; x_wconf 88' lang='lat' dir='ltr'><strong>partes</strong></span> <span class='ocrx_word' id='word_1_21' title='bbox 1158 488 1358 540; x_wconf 86' lang='lat' dir='ltr'><strong>corporis</strong></span> <span class='ocrx_word' id='word_1_22' title='bbox 1377 488 1453 528; x_wconf 91' lang='lat' dir='ltr'><strong>ubi</strong></span> <span class='ocrx_word' id='word_1_23' title='bbox 1466 489 1562 528; x_wconf 86' lang='lat' dir='ltr'><strong>vita</strong></span> <span class='ocrx_word' id='word_1_24' title='bbox 1575 501 1624 529; x_wconf 91' lang='lat' dir='ltr'><strong>se</strong></span> <span class='ocrx_word' id='word_1_25' title='bbox 1646 487 1819 540; x_wconf 85' lang='lat' dir='ltr'>recipit,</span> 
     </span>
    </p>
   </div>
   <div class='ocr_carea' id='block_1_6' title="bbox 361 552 1818 605">
    <p class='ocr_par' dir='ltr' id='par_1_6' title="bbox 361 552 1818 605">
     <span class='ocr_line' id='line_1_7' title="bbox 361 552 1818 605; baseline 0.005 -22"><span class='ocrx_word' id='word_1_26' title='bbox 361 559 437 590; x_wconf 68' lang='grc' dir='ltr'><strong>κίῃς</strong></span> <span class='ocrx_word' id='word_1_27' title='bbox 449 558 503 584; x_wconf 80' lang='lat' dir='ltr'><strong>Ed-</strong></span> <span class='ocrx_word' id='word_1_28' title='bbox 571 556 796 596; x_wconf 87' lang='lat' dir='ltr'><strong>divertere</strong></span> <span class='ocrx_word' id='word_1_29' title='bbox 835 553 946 595; x_wconf 87' lang='lat' dir='ltr'><strong>facit</strong></span> <span class='ocrx_word' id='word_1_30' title='bbox 984 553 1040 594; x_wconf 90' lang='lat' dir='ltr'><strong>ad</strong></span> <span class='ocrx_word' id='word_1_31' title='bbox 1078 553 1294 601; x_wconf 86' lang='lat' dir='ltr'><strong>membra,</strong></span> <span class='ocrx_word' id='word_1_32' title='bbox 1334 553 1381 593; x_wconf 92' lang='lat' dir='ltr'><strong>in</strong></span> <span class='ocrx_word' id='word_1_33' title='bbox 1425 553 1588 605; x_wconf 87' lang='lat' dir='ltr'><strong>quibus</strong></span> <span class='ocrx_word' id='word_1_34' title='bbox 1629 552 1818 594; x_wconf 86' lang='lat' dir='ltr'><strong>materia</strong></span> 
     </span>
    </p>
   </div>
   <div class='ocr_carea' id='block_1_7' title="bbox 358 591 535 685">
    <p class='ocr_par' dir='ltr' id='par_1_7' title="bbox 358 591 535 685">
     <span class='ocr_line' id='line_1_8' title="bbox 359 591 535 617; baseline 0 -2"><span class='ocrx_word' id='word_1_35' title='bbox 359 592 432 617; x_wconf 79' lang='lat' dir='ltr'><strong>ward</strong></span> <span class='ocrx_word' id='word_1_36' title='bbox 445 594 474 616; x_wconf 87' lang='lat' dir='ltr'><strong>to</strong></span> <span class='ocrx_word' id='word_1_37' title='bbox 486 591 535 616; x_wconf 81' lang='lat' dir='ltr'><strong>the</strong></span> 
     </span>
     <span class='ocr_line' id='line_1_9' title="bbox 362 624 501 656; baseline -0.007 -7"><span class='ocrx_word' id='word_1_38' title='bbox 362 625 435 656; x_wconf 84' lang='lat' dir='ltr'><strong>Pope</strong></span> <span class='ocrx_word' id='word_1_39' title='bbox 446 624 501 648; x_wconf 77' lang='lat' dir='ltr'><strong>and</strong></span> 
     </span>
     <span class='ocr_line' id='line_1_10' title="bbox 358 656 510 685; baseline -0.007 -3"><span class='ocrx_word' id='word_1_40' title='bbox 358 656 510 685; x_wconf 71' lang='lat' dir='ltr'><strong>Cardinals,</strong></span> 
     </span>
    </p>
   </div>
   <div class='ocr_carea' id='block_1_8' title="bbox 572 617 1823 672">
    <p class='ocr_par' dir='ltr' id='par_1_8' title="bbox 572 617 1823 672">
     <span class='ocr_line' id='line_1_11' title="bbox 572 617 1823 672; baseline -0.003 -11"><span class='ocrx_word' id='word_1_41' title='bbox 572 619 729 672; x_wconf 89' lang='lat' dir='ltr'><strong>nequit</strong></span> <span class='ocrx_word' id='word_1_42' title='bbox 756 618 851 659; x_wconf 88' lang='lat' dir='ltr'><strong>fore</strong></span> <span class='ocrx_word' id='word_1_43' title='bbox 882 622 1112 672; x_wconf 88' lang='lat' dir='ltr'><strong>suspecta,</strong></span> <span class='ocrx_word' id='word_1_44' title='bbox 1151 629 1254 670; x_wconf 88' lang='lat' dir='ltr'><strong>quae</strong></span> <span class='ocrx_word' id='word_1_45' title='bbox 1287 617 1345 658; x_wconf 89' lang='lat' dir='ltr'><strong>ad</strong></span> <span class='ocrx_word' id='word_1_46' title='bbox 1380 618 1638 670; x_wconf 83' lang='lat' dir='ltr'><strong>proximum</strong></span> <span class='ocrx_word' id='word_1_47' title='bbox 1674 618 1823 658; x_wconf 87' lang='lat' dir='ltr'><strong>fuerat</strong></span> 
     </span>
    </p>
   </div>
   <div class='ocr_carea' id='block_1_9' title="bbox 359 682 1822 737">
    <p class='ocr_par' dir='ltr' id='par_1_9' title="bbox 359 682 1822 737">
     <span class='ocr_line' id='line_1_12' title="bbox 359 682 1822 737; baseline -0.004 -10"><span class='ocrx_word' id='word_1_48' title='bbox 359 688 547 720; x_wconf 61' lang='lat' dir='ltr'><strong>*et‘inssfffih</strong></span> <span class='ocrx_word' id='word_1_49' title='bbox 571 684 805 726; x_wconf 87' lang='lat' dir='ltr'><strong>interitum</strong></span> <span class='ocrx_word' id='word_1_50' title='bbox 828 689 1100 737; x_wconf 76' lang='lat' dir='ltr'><strong>praeparata.</strong></span> <span class='ocrx_word' id='word_1_51' title='bbox 1170 682 1246 723; x_wconf 91' lang='lat' dir='ltr'><strong>Sic</strong></span> <span class='ocrx_word' id='word_1_52' title='bbox 1268 682 1483 735; x_wconf 89' lang='lat' dir='ltr'><strong>loquitur,</strong></span> <span class='ocrx_word' id='word_1_53' title='bbox 1499 687 1655 723; x_wconf 91' lang='lat' dir='ltr'><strong>sancte</strong></span> <span class='ocrx_word' id='word_1_54' title='bbox 1676 688 1822 735; x_wconf 85' lang='lat' dir='ltr'><strong>pater,</strong></span> 
     </span>
    </p>
   </div>
   <div class='ocr_carea' id='block_1_10' title="bbox 357 723 517 749">
    <p class='ocr_par' dir='ltr' id='par_1_10' title="bbox 357 723 517 749">
     <span class='ocr_line' id='line_1_13' title="bbox 357 723 517 749; baseline -0.013 -1"><span class='ocrx_word' id='word_1_55' title='bbox 357 723 402 749; x_wconf 71' lang='lat' dir='ltr'><strong>his</strong></span> <span class='ocrx_word' id='word_1_56' title='bbox 414 723 476 748; x_wconf 78' lang='lat' dir='ltr'><strong>title</strong></span> <span class='ocrx_word' id='word_1_57' title='bbox 487 724 517 746; x_wconf 82' lang='lat' dir='ltr'><strong>to</strong></span> 
     </span>
    </p>
   </div>
   <div class='ocr_carea' id='block_1_11' title="bbox 361 747 1822 802">
    <p class='ocr_par' dir='ltr' id='par_1_11' title="bbox 361 747 1822 802">
     <span class='ocr_line' id='line_1_14' title="bbox 361 747 1822 802; baseline -0.003 -10"><span class='ocrx_word' id='word_1_58' title='bbox 361 753 560 781; x_wconf 62' lang='lat' dir='ltr'><strong>‘hetbmnw‘</strong></span> <span class='ocrx_word' id='word_1_59' title='bbox 574 751 639 792; x_wconf 93' lang='lat' dir='ltr'><strong>sic</strong></span> <span class='ocrx_word' id='word_1_60' title='bbox 682 749 884 802; x_wconf 87' lang='lat' dir='ltr'><strong>loquitur</strong></span> <span class='ocrx_word' id='word_1_61' title='bbox 924 752 1109 802; x_wconf 89' lang='lat' dir='ltr'><strong>propter</strong></span> <span class='ocrx_word' id='word_1_62' title='bbox 1141 747 1485 796; x_wconf 82' lang='lat' dir='ltr'><strong>vehementiam,</strong></span> <span class='ocrx_word' id='word_1_63' title='bbox 1519 747 1597 800; x_wconf 91' lang='lat' dir='ltr'><strong>qui</strong></span> <span class='ocrx_word' id='word_1_64' title='bbox 1645 747 1692 787; x_wconf 92' lang='lat' dir='ltr'><strong>in</strong></span> <span class='ocrx_word' id='word_1_65' title='bbox 1727 747 1822 787; x_wconf 88' lang='lat' dir='ltr'><strong>suis</strong></span> 
     </span>
    </p>
   </div>
   <div class='ocr_carea' id='block_1_12' title="bbox 362 790 477 814">
    <p class='ocr_par' dir='ltr' id='par_1_12' title="bbox 362 790 477 814">
     <span class='ocr_line' id='line_1_15' title="bbox 362 790 477 814; baseline 0 0"><span class='ocrx_word' id='word_1_66' title='bbox 362 790 477 814; x_wconf 84' lang='lat' dir='ltr'><strong>France.</strong></span> 
     </span>
    </p>
   </div>
   <div class='ocr_carea' id='block_1_13' title="bbox 568 812 1836 2750">
    <p class='ocr_par' dir='ltr' id='par_1_13' title="bbox 568 812 1836 2750">
     <span class='ocr_line' id='line_1_16' title="bbox 568 812 1821 866; baseline -0.004 -10"><span class='ocrx_word' id='word_1_67' title='bbox 568 815 750 856; x_wconf 64' lang='lat' dir='ltr'><strong>⁴insidiis</strong></span> <span class='ocrx_word' id='word_1_68' title='bbox 780 826 864 855; x_wconf 91' lang='lat' dir='ltr'><strong>nos</strong></span> <span class='ocrx_word' id='word_1_69' title='bbox 899 813 1100 855; x_wconf 89' lang='lat' dir='ltr'><strong>invenire</strong></span> <span class='ocrx_word' id='word_1_70' title='bbox 1127 813 1362 866; x_wconf 90' lang='lat' dir='ltr'><strong>quaerebat</strong></span> <span class='ocrx_word' id='word_1_71' title='bbox 1392 813 1598 853; x_wconf 91' lang='lat' dir='ltr'><strong>incautos</strong></span> <span class='ocrx_word' id='word_1_72' title='bbox 1631 820 1677 852; x_wconf 93' lang='lat' dir='ltr'><strong>et</strong></span> <span class='ocrx_word' id='word_1_73' title='bbox 1697 812 1821 864; x_wconf 89' lang='lat' dir='ltr'><strong>peni·</strong></span> 
     </span>
     <span class='ocr_line' id='line_1_17' title="bbox 577 876 1824 933; baseline -0.002 -12"><span class='ocrx_word' id='word_1_74' title='bbox 577 886 652 922; x_wconf 88' lang='lat' dir='ltr'><strong>tus</strong></span> <span class='ocrx_word' id='word_1_75' title='bbox 698 880 963 933; x_wconf 86' lang='lat' dir='ltr'><strong>imparatos.</strong></span> <span class='ocrx_word' id='word_1_76' title='bbox 1043 877 1131 919; x_wconf 88' lang='lat' dir='ltr'><strong>Sed</strong></span> <span class='ocrx_word' id='word_1_77' title='bbox 1177 877 1475 931; x_wconf 88' lang='lat' dir='ltr'>proculdubio</span> <span class='ocrx_word' id='word_1_78' title='bbox 1518 877 1695 918; x_wconf 86' lang='lat' dir='ltr'><strong>cautius</strong></span> <span class='ocrx_word' id='word_1_79' title='bbox 1737 876 1824 918; x_wconf 86' lang='lat' dir='ltr'><strong>fuit</strong></span> 
     </span>
     <span class='ocr_line' id='line_1_18' title="bbox 580 943 1827 998; baseline -0.004 -12"><span class='ocrx_word' id='word_1_80' title='bbox 580 945 725 994; x_wconf 87' lang='lat' dir='ltr'><strong>nobis,</strong></span> <span class='ocrx_word' id='word_1_81' title='bbox 768 944 909 998; x_wconf 87' lang='lat' dir='ltr'><strong>juxta</strong></span> <span class='ocrx_word' id='word_1_82' title='bbox 957 943 1199 984; x_wconf 89' lang='lat' dir='ltr'><strong>militarem</strong></span> <span class='ocrx_word' id='word_1_83' title='bbox 1250 943 1498 984; x_wconf 86' lang='lat' dir='ltr'><strong>theoricam</strong></span> <span class='ocrx_word' id='word_1_84' title='bbox 1548 943 1827 991; x_wconf 82' lang='lat' dir='ltr'><strong>edocentem,</strong></span> 
     </span>
     <span class='ocr_line' id='line_1_19' title="bbox 575 1007 1826 1064; baseline -0.003 -13"><span class='ocrx_word' id='word_1_85' title='bbox 575 1010 698 1064; x_wconf 91' lang='lat' dir='ltr'><strong>quod</strong></span> <span class='ocrx_word' id='word_1_86' title='bbox 719 1015 854 1051; x_wconf 85' lang='lat' dir='ltr'><strong>motae</strong></span> <span class='ocrx_word' id='word_1_87' title='bbox 872 1021 1050 1062; x_wconf 78' lang='lat' dir='ltr'><strong>guerrae</strong></span> <span class='ocrx_word' id='word_1_88' title='bbox 1073 1008 1320 1062; x_wconf 86' lang='lat' dir='ltr'><strong>periculum</strong></span> <span class='ocrx_word' id='word_1_89' title='bbox 1341 1008 1444 1061; x_wconf 89' lang='lat' dir='ltr'><strong>plus</strong></span> <span class='ocrx_word' id='word_1_90' title='bbox 1463 1007 1607 1048; x_wconf 86' lang='lat' dir='ltr'><strong>evitat</strong></span> <span class='ocrx_word' id='word_1_91' title='bbox 1628 1008 1706 1061; x_wconf 90' lang='lat' dir='ltr'><strong>qui</strong></span> <span class='ocrx_word' id='word_1_92' title='bbox 1727 1020 1826 1048; x_wconf 92' lang='lat' dir='ltr'><strong>eam</strong></span> 
     </span>
     <span class='ocr_line' id='line_1_20' title="bbox 577 1073 1826 1126; baseline -0.006 -7"><span class='ocrx_word' id='word_1_93' title='bbox 577 1088 606 1119; x_wconf 81' lang='lat' dir='ltr'><strong>a</strong></span> <span class='ocrx_word' id='word_1_94' title='bbox 627 1081 760 1117; x_wconf 82' lang='lat' dir='ltr'><strong>terrae</strong></span> <span class='ocrx_word' id='word_1_95' title='bbox 777 1087 874 1117; x_wconf 85' lang='lat' dir='ltr'><strong>suae</strong></span> <span class='ocrx_word' id='word_1_96' title='bbox 891 1074 1032 1115; x_wconf 91' lang='lat' dir='ltr'><strong>limite</strong></span> <span class='ocrx_word' id='word_1_97' title='bbox 1050 1078 1406 1126; x_wconf 86' lang='lat' dir='ltr'><strong>prosequestrat‚</strong></span> <span class='ocrx_word' id='word_1_98' title='bbox 1422 1078 1581 1114; x_wconf 87' lang='lat' dir='ltr'><strong>contra</strong></span> <span class='ocrx_word' id='word_1_99' title='bbox 1600 1073 1826 1114; x_wconf 89' lang='lat' dir='ltr'><strong>notorium</strong></span> 
     </span>
     <span class='ocr_line' id='line_1_21' title="bbox 578 1137 1828 1192; baseline -0.003 -11"><span class='ocrx_word' id='word_1_100' title='bbox 578 1140 754 1181; x_wconf 89' lang='lat' dir='ltr'><strong>hostem</strong></span> <span class='ocrx_word' id='word_1_101' title='bbox 788 1144 992 1181; x_wconf 88' lang='lat' dir='ltr'><strong>nostrum</strong></span> <span class='ocrx_word' id='word_1_102' title='bbox 1023 1151 1107 1191; x_wconf 88' lang='lat' dir='ltr'><strong>pro</strong></span> <span class='ocrx_word' id='word_1_103' title='bbox 1145 1139 1251 1192; x_wconf 88' lang='lat' dir='ltr'><strong>jure</strong></span> <span class='ocrx_word' id='word_1_104' title='bbox 1290 1143 1446 1179; x_wconf 90' lang='lat' dir='ltr'><strong>nostro</strong></span> <span class='ocrx_word' id='word_1_105' title='bbox 1480 1150 1564 1178; x_wconf 89' lang='lat' dir='ltr'><strong>nos</strong></span> <span class='ocrx_word' id='word_1_106' title='bbox 1599 1137 1828 1189; x_wconf 79' lang='lat' dir='ltr'><strong>congredi,</strong></span> 
     </span>
     <span class='ocr_line' id='line_1_22' title="bbox 571 1202 1830 1258; baseline -0.003 -12"><span class='ocrx_word' id='word_1_107' title='bbox 571 1210 623 1246; x_wconf 86' lang='lat' dir='ltr'><strong>et</strong></span> <span class='ocrx_word' id='word_1_108' title='bbox 645 1205 778 1246; x_wconf 85' lang='lat' dir='ltr'><strong>terris</strong></span> <span class='ocrx_word' id='word_1_109' title='bbox 809 1208 1047 1258; x_wconf 90' lang='lat' dir='ltr'><strong>potentum</strong></span> <span class='ocrx_word' id='word_1_110' title='bbox 1080 1203 1344 1256; x_wconf 89' lang='lat' dir='ltr'><strong>potentibus</strong></span> <span class='ocrx_word' id='word_1_111' title='bbox 1381 1202 1596 1251; x_wconf 88' lang='lat' dir='ltr'><strong>sociatos,</strong></span> <span class='ocrx_word' id='word_1_112' title='bbox 1620 1215 1755 1255; x_wconf 87' lang='lat' dir='ltr'><strong>quam</strong></span> <span class='ocrx_word' id='word_1_113' title='bbox 1785 1203 1830 1242; x_wconf 90' lang='lat' dir='ltr'><strong>in</strong></span> 
     </span>
     <span class='ocr_line' id='line_1_23' title="bbox 579 1267 1828 1323; baseline -0.002 -13"><span class='ocrx_word' id='word_1_114' title='bbox 579 1270 763 1323; x_wconf 90' lang='lat' dir='ltr'><strong>propria</strong></span> <span class='ocrx_word' id='word_1_115' title='bbox 790 1281 984 1322; x_wconf 87' lang='lat' dir='ltr'><strong>persona</strong></span> <span class='ocrx_word' id='word_1_116' title='bbox 1018 1273 1174 1309; x_wconf 90' lang='lat' dir='ltr'><strong>nostra</strong></span> <span class='ocrx_word' id='word_1_117' title='bbox 1201 1268 1339 1308; x_wconf 91' lang='lat' dir='ltr'><strong>solos.</strong></span> <span class='ocrx_word' id='word_1_118' title='bbox 1411 1267 1516 1308; x_wconf 93' lang='lat' dir='ltr'><strong>Non</strong></span> <span class='ocrx_word' id='word_1_119' title='bbox 1548 1268 1688 1320; x_wconf 89' lang='lat' dir='ltr'><strong>igitur</strong></span> <span class='ocrx_word' id='word_1_120' title='bbox 1710 1268 1828 1321; x_wconf 91' lang='lat' dir='ltr'><strong>apud</strong></span> 
     </span>
     <span class='ocr_line' id='line_1_24' title="bbox 581 1333 1828 1376; baseline -0.002 -1"><span class='ocrx_word' id='word_1_121' title='bbox 581 1340 745 1376; x_wconf 86' lang='lat' dir='ltr'><strong>vestrae</strong></span> <span class='ocrx_word' id='word_1_122' title='bbox 767 1334 944 1375; x_wconf 90' lang='lat' dir='ltr'><strong>viscera</strong></span> <span class='ocrx_word' id='word_1_123' title='bbox 977 1333 1297 1374; x_wconf 85' lang='lat' dir='ltr'><strong>misericordiae</strong></span> <span class='ocrx_word' id='word_1_124' title='bbox 1327 1337 1374 1374; x_wconf 88' lang='lat' dir='ltr'><strong>et</strong></span> <span class='ocrx_word' id='word_1_125' title='bbox 1396 1333 1656 1374; x_wconf 87' lang='lat' dir='ltr'><strong>sanctitatis</strong></span> <span class='ocrx_word' id='word_1_126' title='bbox 1679 1333 1828 1374; x_wconf 91' lang='lat' dir='ltr'><strong>locum</strong></span> 
     </span>
     <span class='ocr_line' id='line_1_25' title="bbox 578 1397 1830 1441; baseline 0 -2"><span class='ocrx_word' id='word_1_127' title='bbox 578 1400 813 1441; x_wconf 87' lang='lat' dir='ltr'><strong>inveniant</strong></span> <span class='ocrx_word' id='word_1_128' title='bbox 856 1398 1187 1440; x_wconf 85' lang='lat' dir='ltr'><strong>detrahentium</strong></span> <span class='ocrx_word' id='word_1_129' title='bbox 1236 1397 1495 1439; x_wconf 86' lang='lat' dir='ltr'><strong>informatio</strong></span> <span class='ocrx_word' id='word_1_130' title='bbox 1546 1398 1711 1439; x_wconf 86' lang='lat' dir='ltr'><strong>aemula</strong></span> <span class='ocrx_word' id='word_1_131' title='bbox 1757 1399 1830 1440; x_wconf 85' lang='lat' dir='ltr'><strong>vel</strong></span> 
     </span>
     <span class='ocr_line' id='line_1_26' title="bbox 578 1463 1834 1518; baseline -0.001 -13"><span class='ocrx_word' id='word_1_132' title='bbox 578 1465 762 1506; x_wconf 89' lang='lat' dir='ltr'><strong>sinistra</strong></span> <span class='ocrx_word' id='word_1_133' title='bbox 781 1464 920 1513; x_wconf 90' lang='lat' dir='ltr'><strong>facta,</strong></span> <span class='ocrx_word' id='word_1_134' title='bbox 940 1464 996 1505; x_wconf 91' lang='lat' dir='ltr'><strong>de</strong></span> <span class='ocrx_word' id='word_1_135' title='bbox 1017 1464 1109 1505; x_wconf 89' lang='lat' dir='ltr'><strong>filio</strong></span> <span class='ocrx_word' id='word_1_136' title='bbox 1129 1464 1207 1516; x_wconf 91' lang='lat' dir='ltr'><strong>qui</strong></span> <span class='ocrx_word' id='word_1_137' title='bbox 1226 1477 1410 1504; x_wconf 88' lang='lat' dir='ltr'><strong>suorum</strong></span> <span class='ocrx_word' id='word_1_138' title='bbox 1431 1463 1714 1504; x_wconf 80' lang='lat' dir='ltr'><strong>haereditario</strong></span> <span class='ocrx_word' id='word_1_139' title='bbox 1728 1463 1834 1518; x_wconf 92' lang='lat' dir='ltr'><strong>jure</strong></span> 
     </span>
     <span class='ocr_line' id='line_1_27' title="bbox 579 1529 1833 1584; baseline -0.001 -13"><span class='ocrx_word' id='word_1_140' title='bbox 579 1530 818 1584; x_wconf 89' lang='lat' dir='ltr'><strong>majorum,</strong></span> <span class='ocrx_word' id='word_1_141' title='bbox 853 1530 899 1570; x_wconf 95' lang='lat' dir='ltr'><strong>in</strong></span> <span class='ocrx_word' id='word_1_142' title='bbox 940 1533 1191 1570; x_wconf 88' lang='lat' dir='ltr'><strong>vestrorum</strong></span> <span class='ocrx_word' id='word_1_143' title='bbox 1226 1529 1626 1581; x_wconf 78' lang='lat' dir='ltr'><strong>praedecessorum,</strong></span> <span class='ocrx_word' id='word_1_144' title='bbox 1665 1534 1833 1578; x_wconf 83' lang='lat' dir='ltr'><strong>vestra,</strong></span> 
     </span>
     <span class='ocr_line' id='line_1_28' title="bbox 578 1594 1835 1648; baseline -0.002 -12"><span class='ocrx_word' id='word_1_145' title='bbox 578 1601 624 1638; x_wconf 78' lang='lat' dir='ltr'><strong>‚et</strong></span> <span class='ocrx_word' id='word_1_146' title='bbox 657 1594 920 1648; x_wconf 81' lang='lat' dir='ltr'><strong>apostolicae</strong></span> <span class='ocrx_word' id='word_1_147' title='bbox 947 1594 1067 1635; x_wconf 90' lang='lat' dir='ltr'><strong>sedis</strong></span> <span class='ocrx_word' id='word_1_148' title='bbox 1099 1595 1250 1647; x_wconf 88' lang='lat' dir='ltr'><strong>gratia</strong></span> <span class='ocrx_word' id='word_1_149' title='bbox 1284 1600 1330 1635; x_wconf 91' lang='lat' dir='ltr'><strong>et</strong></span> <span class='ocrx_word' id='word_1_150' title='bbox 1369 1594 1627 1634; x_wconf 87' lang='lat' dir='ltr'><strong>obedientia</strong></span> <span class='ocrx_word' id='word_1_151' title='bbox 1659 1606 1835 1647; x_wconf 87' lang='lat' dir='ltr'><strong>semper</strong></span> 
     </span>
     <span class='ocr_line' id='line_1_29' title="bbox 577 1659 1835 1712; baseline -0.001 -12"><span class='ocrx_word' id='word_1_152' title='bbox 577 1661 842 1701; x_wconf 91' lang='lat' dir='ltr'><strong>inconcusse</strong></span> <span class='ocrx_word' id='word_1_153' title='bbox 865 1659 1063 1712; x_wconf 87' lang='lat' dir='ltr'><strong>perstitit</strong></span> <span class='ocrx_word' id='word_1_154' title='bbox 1081 1663 1128 1699; x_wconf 93' lang='lat' dir='ltr'><strong>et</strong></span> <span class='ocrx_word' id='word_1_155' title='bbox 1147 1659 1373 1712; x_wconf 85' lang='lat' dir='ltr'><strong>persistet.</strong></span> <span class='ocrx_word' id='word_1_156' title='bbox 1419 1659 1581 1708; x_wconf 88' lang='lat' dir='ltr'><strong>Immo,</strong></span> <span class='ocrx_word' id='word_1_157' title='bbox 1602 1659 1641 1699; x_wconf 91' lang='lat' dir='ltr'><strong>si</strong></span> <span class='ocrx_word' id='word_1_158' title='bbox 1661 1660 1835 1711; x_wconf 81' lang='lat' dir='ltr'><strong>quaevis</strong></span> 
     </span>
     <span class='ocr_line' id='line_1_30' title="bbox 577 1724 1833 1777; baseline 0.001 -13"><span class='ocrx_word' id='word_1_159' title='bbox 577 1724 634 1765; x_wconf 92' lang='lat' dir='ltr'><strong>de</strong></span> <span class='ocrx_word' id='word_1_160' title='bbox 665 1724 758 1765; x_wconf 89' lang='lat' dir='ltr'><strong>filio</strong></span> <span class='ocrx_word' id='word_1_161' title='bbox 787 1724 941 1765; x_wconf 86' lang='lat' dir='ltr'><strong>taliter</strong></span> <span class='ocrx_word' id='word_1_162' title='bbox 970 1724 1094 1764; x_wconf 88' lang='lat' dir='ltr'><strong>facta</strong></span> <span class='ocrx_word' id='word_1_163' title='bbox 1128 1724 1361 1776; x_wconf 84' lang='lat' dir='ltr'><strong>suggestio</strong></span> <span class='ocrx_word' id='word_1_164' title='bbox 1390 1724 1641 1777; x_wconf 88' lang='lat' dir='ltr'><strong>pulsaverit</strong></span> <span class='ocrx_word' id='word_1_165' title='bbox 1668 1729 1833 1766; x_wconf 83' lang='lat' dir='ltr'><strong>vestrae</strong></span> 
     </span>
     <span class='ocr_line' id='line_1_31' title="bbox 579 1789 1835 1842; baseline 0 -12"><span class='ocrx_word' id='word_1_166' title='bbox 579 1789 873 1830; x_wconf 89' lang='lat' dir='ltr'><strong>beatitudinis</strong></span> <span class='ocrx_word' id='word_1_167' title='bbox 909 1789 1102 1830; x_wconf 87' lang='lat' dir='ltr'><strong>forsitan</strong></span> <span class='ocrx_word' id='word_1_168' title='bbox 1135 1801 1284 1838; x_wconf 89' lang='lat' dir='ltr'><strong>aures,</strong></span> <span class='ocrx_word' id='word_1_169' title='bbox 1325 1802 1416 1830; x_wconf 90' lang='lat' dir='ltr'><strong>non</strong></span> <span class='ocrx_word' id='word_1_170' title='bbox 1451 1790 1576 1842; x_wconf 88' lang='lat' dir='ltr'><strong>prius</strong></span> <span class='ocrx_word' id='word_1_171' title='bbox 1616 1802 1644 1830; x_wconf 91' lang='lat' dir='ltr'><strong>a</strong></span> <span class='ocrx_word' id='word_1_172' title='bbox 1681 1795 1835 1831; x_wconf 85' lang='lat' dir='ltr'><strong>vestra</strong></span> 
     </span>
     <span class='ocr_line' id='line_1_32' title="bbox 579 1853 1833 1907; baseline -0.001 -11"><span class='ocrx_word' id='word_1_173' title='bbox 579 1855 840 1907; x_wconf 83' lang='lat' dir='ltr'><strong>dignatione</strong></span> <span class='ocrx_word' id='word_1_174' title='bbox 879 1859 1038 1895; x_wconf 90' lang='lat' dir='ltr'><strong>sancta</strong></span> <span class='ocrx_word' id='word_1_175' title='bbox 1089 1853 1332 1894; x_wconf 91' lang='lat' dir='ltr'><strong>credulitas</strong></span> <span class='ocrx_word' id='word_1_176' title='bbox 1387 1855 1454 1895; x_wconf 92' lang='lat' dir='ltr'><strong>illi</strong></span> <span class='ocrx_word' id='word_1_177' title='bbox 1508 1855 1656 1903; x_wconf 91' lang='lat' dir='ltr'><strong>detur,</strong></span> <span class='ocrx_word' id='word_1_178' title='bbox 1696 1868 1833 1907; x_wconf 90' lang='lat' dir='ltr'><strong>quam</strong></span> 
     </span>
     <span class='ocr_line' id='line_1_33' title="bbox 580 1919 1835 1972; baseline 0.002 -13"><span class='ocrx_word' id='word_1_179' title='bbox 580 1919 765 1961; x_wconf 88' lang='lat' dir='ltr'><strong>auditus</strong></span> <span class='ocrx_word' id='word_1_180' title='bbox 805 1919 866 1959; x_wconf 91' lang='lat' dir='ltr'><strong>sit</strong></span> <span class='ocrx_word' id='word_1_181' title='bbox 899 1919 1018 1959; x_wconf 88' lang='lat' dir='ltr'><strong>filius</strong></span> <span class='ocrx_word' id='word_1_182' title='bbox 1053 1919 1132 1971; x_wconf 92' lang='lat' dir='ltr'><strong>qui</strong></span> <span class='ocrx_word' id='word_1_183' title='bbox 1175 1924 1403 1972; x_wconf 86' lang='lat' dir='ltr'><strong>tangetur,</strong></span> <span class='ocrx_word' id='word_1_184' title='bbox 1441 1920 1519 1972; x_wconf 93' lang='lat' dir='ltr'><strong>qui</strong></span> <span class='ocrx_word' id='word_1_185' title='bbox 1552 1919 1753 1970; x_wconf 89' lang='lat' dir='ltr'><strong>confidit,</strong></span> <span class='ocrx_word' id='word_1_186' title='bbox 1789 1925 1835 1961; x_wconf 89' lang='lat' dir='ltr'><strong>et</strong></span> 
     </span>
     <span class='ocr_line' id='line_1_34' title="bbox 579 1984 1834 2032; baseline 0.002 -9"><span class='ocrx_word' id='word_1_187' title='bbox 579 1984 882 2024; x_wconf 89' lang='lat' dir='ltr'><strong>indesinenter</strong></span> <span class='ocrx_word' id='word_1_188' title='bbox 937 1984 1147 2032; x_wconf 88' lang='lat' dir='ltr'><strong>intendit,</strong></span> <span class='ocrx_word' id='word_1_189' title='bbox 1199 1989 1305 2025; x_wconf 91' lang='lat' dir='ltr'><strong>ante</strong></span> <span class='ocrx_word' id='word_1_190' title='bbox 1357 1985 1618 2026; x_wconf 89' lang='lat' dir='ltr'><strong>sanctitatis</strong></span> <span class='ocrx_word' id='word_1_191' title='bbox 1670 1990 1834 2026; x_wconf 85' lang='lat' dir='ltr'><strong>vestrae</strong></span> 
     </span>
     <span class='ocr_line' id='line_1_35' title="bbox 573 2048 1834 2102; baseline 0.002 -14"><span class='ocrx_word' id='word_1_192' title='bbox 573 2049 798 2102; x_wconf 90' lang='lat' dir='ltr'><strong>judicium</strong></span> <span class='ocrx_word' id='word_1_193' title='bbox 829 2048 951 2089; x_wconf 91' lang='lat' dir='ltr'><strong>omni</strong></span> <span class='ocrx_word' id='word_1_194' title='bbox 986 2048 1236 2101; x_wconf 89' lang='lat' dir='ltr'><strong>praesidens</strong></span> <span class='ocrx_word' id='word_1_195' title='bbox 1266 2054 1503 2099; x_wconf 65' lang='lat' dir='ltr'><strong>creaturae,</strong></span> <span class='ocrx_word' id='word_1_196' title='bbox 1524 2051 1643 2102; x_wconf 91' lang='lat' dir='ltr'><strong>quod</strong></span> <span class='ocrx_word' id='word_1_197' title='bbox 1666 2063 1834 2102; x_wconf 86' lang='lat' dir='ltr'><strong>negare</strong></span> 
     </span>
     <span class='ocr_line' id='line_1_36' title="bbox 578 2114 1832 2169; baseline 0.004 -16"><span class='ocrx_word' id='word_1_198' title='bbox 578 2114 770 2154; x_wconf 76' lang='lat' dir='ltr'><strong>haeresin</strong></span> <span class='ocrx_word' id='word_1_199' title='bbox 807 2118 878 2154; x_wconf 91' lang='lat' dir='ltr'><strong>est</strong></span> <span class='ocrx_word' id='word_1_200' title='bbox 913 2114 1120 2166; x_wconf 89' lang='lat' dir='ltr'><strong>probare,</strong></span> <span class='ocrx_word' id='word_1_201' title='bbox 1149 2114 1325 2168; x_wconf 89' lang='lat' dir='ltr'><strong>justam</strong></span> <span class='ocrx_word' id='word_1_202' title='bbox 1363 2114 1527 2163; x_wconf 90' lang='lat' dir='ltr'><strong>dicere,</strong></span> <span class='ocrx_word' id='word_1_203' title='bbox 1562 2116 1633 2156; x_wconf 93' lang='lat' dir='ltr'><strong>vel</strong></span> <span class='ocrx_word' id='word_1_204' title='bbox 1659 2116 1832 2169; x_wconf 88' lang='lat' dir='ltr'><strong>justam</strong></span> 
     </span>
     <span class='ocr_line' id='line_1_37' title="bbox 577 2179 1834 2231; baseline 0.002 -12"><span class='ocrx_word' id='word_1_205' title='bbox 577 2179 727 2220; x_wconf 87' lang='lat' dir='ltr'><strong>facere</strong></span> <span class='ocrx_word' id='word_1_206' title='bbox 770 2179 1020 2231; x_wconf 89' lang='lat' dir='ltr'><strong>quamlibet</strong></span> <span class='ocrx_word' id='word_1_207' title='bbox 1055 2192 1240 2220; x_wconf 92' lang='lat' dir='ltr'><strong>causam</strong></span> <span class='ocrx_word' id='word_1_208' title='bbox 1275 2193 1418 2220; x_wconf 89' lang='lat' dir='ltr'><strong>suam.</strong></span> <span class='ocrx_word' id='word_1_209' title='bbox 1500 2179 1622 2221; x_wconf 94' lang='lat' dir='ltr'><strong>Illud</strong></span> <span class='ocrx_word' id='word_1_210' title='bbox 1654 2181 1834 2221; x_wconf 91' lang='lat' dir='ltr'><strong>demum</strong></span> 
     </span>
     <span class='ocr_line' id='line_1_38' title="bbox 578 2244 1834 2299; baseline 0.003 -16"><span class='ocrx_word' id='word_1_211' title='bbox 578 2244 786 2291; x_wconf 89' lang='lat' dir='ltr'><strong>dicimus,</strong></span> <span class='ocrx_word' id='word_1_212' title='bbox 808 2244 865 2284; x_wconf 92' lang='lat' dir='ltr'><strong>ad</strong></span> <span class='ocrx_word' id='word_1_213' title='bbox 900 2249 1069 2284; x_wconf 87' lang='lat' dir='ltr'><strong>nostrae</strong></span> <span class='ocrx_word' id='word_1_214' title='bbox 1100 2244 1365 2285; x_wconf 90' lang='lat' dir='ltr'><strong>intentionis</strong></span> <span class='ocrx_word' id='word_1_215' title='bbox 1400 2244 1677 2299; x_wconf 89' lang='lat' dir='ltr'><strong>majorisque</strong></span> <span class='ocrx_word' id='word_1_216' title='bbox 1697 2246 1834 2287; x_wconf 87' lang='lat' dir='ltr'><strong>devo-</strong></span> 
     </span>
     <span class='ocr_line' id='line_1_39' title="bbox 578 2309 1834 2364; baseline 0.001 -15"><span class='ocrx_word' id='word_1_217' title='bbox 578 2309 716 2350; x_wconf 90' lang='lat' dir='ltr'><strong>tionis</strong></span> <span class='ocrx_word' id='word_1_218' title='bbox 738 2309 1011 2349; x_wconf 91' lang='lat' dir='ltr'><strong>evidentiam</strong></span> <span class='ocrx_word' id='word_1_219' title='bbox 1029 2309 1374 2362; x_wconf 87' lang='lat' dir='ltr'><strong>subjungentes,</strong></span> <span class='ocrx_word' id='word_1_220' title='bbox 1399 2311 1519 2363; x_wconf 91' lang='lat' dir='ltr'><strong>quod</strong></span> <span class='ocrx_word' id='word_1_221' title='bbox 1533 2311 1571 2351; x_wconf 92' lang='lat' dir='ltr'><strong>si</strong></span> <span class='ocrx_word' id='word_1_222' title='bbox 1595 2311 1655 2352; x_wconf 92' lang='lat' dir='ltr'><strong>sit</strong></span> <span class='ocrx_word' id='word_1_223' title='bbox 1669 2311 1834 2364; x_wconf 87' lang='lat' dir='ltr'><strong>aliquis</strong></span> 
     </span>
     <span class='ocr_line' id='line_1_40' title="bbox 579 2373 1835 2432; baseline 0.003 -19"><span class='ocrx_word' id='word_1_224' title='bbox 579 2373 635 2414; x_wconf 92' lang='lat' dir='ltr'><strong>de</strong></span> <span class='ocrx_word' id='word_1_225' title='bbox 662 2374 791 2414; x_wconf 87' lang='lat' dir='ltr'><strong>nobis</strong></span> <span class='ocrx_word' id='word_1_226' title='bbox 818 2373 989 2414; x_wconf 86' lang='lat' dir='ltr'><strong>foedere</strong></span> <span class='ocrx_word' id='word_1_227' title='bbox 1017 2379 1194 2415; x_wconf 87' lang='lat' dir='ltr'><strong>naturae</strong></span> <span class='ocrx_word' id='word_1_228' title='bbox 1227 2373 1511 2432; x_wconf 89' lang='lat' dir='ltr'><strong>conjunctus,</strong></span> <span class='ocrx_word' id='word_1_229' title='bbox 1537 2377 1758 2429; x_wconf 90' lang='lat' dir='ltr'><strong>nobisque</strong></span> <span class='ocrx_word' id='word_1_230' title='bbox 1777 2376 1835 2417; x_wconf 86' lang='lat' dir='ltr'><strong>ad</strong></span> 
     </span>
     <span class='ocr_line' id='line_1_41' title="bbox 579 2438 1835 2494; baseline 0.002 -16"><span class='ocrx_word' id='word_1_231' title='bbox 579 2444 781 2479; x_wconf 90' lang='lat' dir='ltr'><strong>nostram</strong></span> <span class='ocrx_word' id='word_1_232' title='bbox 825 2438 1131 2479; x_wconf 87' lang='lat' dir='ltr'><strong>defensionem</strong></span> <span class='ocrx_word' id='word_1_233' title='bbox 1172 2439 1432 2493; x_wconf 87' lang='lat' dir='ltr'><strong>adjunctus,</strong></span> <span class='ocrx_word' id='word_1_234' title='bbox 1473 2441 1550 2493; x_wconf 88' lang='lat' dir='ltr'><strong>qui</strong></span> <span class='ocrx_word' id='word_1_235' title='bbox 1595 2454 1676 2494; x_wconf 87' lang='lat' dir='ltr'><strong>per</strong></span> <span class='ocrx_word' id='word_1_236' title='bbox 1716 2442 1835 2483; x_wconf 88' lang='lat' dir='ltr'><strong>viam</strong></span> 
     </span>
     <span class='ocr_line' id='line_1_42' title="bbox 580 2503 1833 2556; baseline 0.003 -13"><span class='ocrx_word' id='word_1_237' title='bbox 580 2503 849 2544; x_wconf 88' lang='lat' dir='ltr'><strong>obedientiae</strong></span> <span class='ocrx_word' id='word_1_238' title='bbox 873 2503 1138 2555; x_wconf 84' lang='lat' dir='ltr'><strong>apostolicae</strong></span> <span class='ocrx_word' id='word_1_239' title='bbox 1161 2504 1283 2544; x_wconf 89' lang='lat' dir='ltr'><strong>sedis</strong></span> <span class='ocrx_word' id='word_1_240' title='bbox 1309 2510 1471 2546; x_wconf 88' lang='lat' dir='ltr'><strong>vestrae</strong></span> <span class='ocrx_word' id='word_1_241' title='bbox 1495 2518 1583 2546; x_wconf 91' lang='lat' dir='ltr'><strong>non</strong></span> <span class='ocrx_word' id='word_1_242' title='bbox 1616 2506 1833 2556; x_wconf 86' lang='lat' dir='ltr'><strong>ambulet,</strong></span> 
     </span>
     <span class='ocr_line' id='line_1_43' title="bbox 580 2568 1834 2623; baseline 0.003 -15"><span class='ocrx_word' id='word_1_243' title='bbox 580 2569 699 2609; x_wconf 90' lang='lat' dir='ltr'><strong>sicut</strong></span> <span class='ocrx_word' id='word_1_244' title='bbox 734 2568 882 2617; x_wconf 90' lang='lat' dir='ltr'><strong>debet,</strong></span> <span class='ocrx_word' id='word_1_245' title='bbox 914 2568 1023 2608; x_wconf 85' lang='lat' dir='ltr'><strong>dare</strong></span> <span class='ocrx_word' id='word_1_246' title='bbox 1055 2569 1348 2619; x_wconf 88' lang='lat' dir='ltr'><strong>intendimus,</strong></span> <span class='ocrx_word' id='word_1_247' title='bbox 1378 2582 1514 2622; x_wconf 92' lang='lat' dir='ltr'><strong>quam</strong></span> <span class='ocrx_word' id='word_1_248' title='bbox 1550 2584 1638 2611; x_wconf 91' lang='lat' dir='ltr'><strong>non</strong></span> <span class='ocrx_word' id='word_1_249' title='bbox 1674 2584 1834 2623; x_wconf 86' lang='lat' dir='ltr'><strong>parum</strong></span> 
     </span>
     <span class='ocr_line' id='line_1_44' title="bbox 580 2633 1834 2687; baseline 0.003 -15"><span class='ocrx_word' id='word_1_250' title='bbox 580 2633 754 2674; x_wconf 89' lang='lat' dir='ltr'><strong>utiliter</strong></span> <span class='ocrx_word' id='word_1_251' title='bbox 768 2633 877 2673; x_wconf 86' lang='lat' dir='ltr'><strong>dare</strong></span> <span class='ocrx_word' id='word_1_252' title='bbox 893 2645 1028 2685; x_wconf 92' lang='lat' dir='ltr'><strong>posse</strong></span> <span class='ocrx_word' id='word_1_253' title='bbox 1044 2634 1312 2674; x_wconf 90' lang='lat' dir='ltr'><strong>confidimus</strong></span> <span class='ocrx_word' id='word_1_254' title='bbox 1337 2647 1523 2687; x_wconf 91' lang='lat' dir='ltr'><strong>operam</strong></span> <span class='ocrx_word' id='word_1_255' title='bbox 1536 2635 1834 2686; x_wconf 87' lang='lat' dir='ltr'><strong>indefensam,</strong></span> 
     </span>
     <span class='ocr_line' id='line_1_45' title="bbox 579 2698 1836 2750; baseline 0.004 -13"><span class='ocrx_word' id='word_1_256' title='bbox 579 2702 629 2738; x_wconf 92' lang='lat' dir='ltr'><strong>ut</strong></span> <span class='ocrx_word' id='word_1_257' title='bbox 650 2698 772 2738; x_wconf 91' lang='lat' dir='ltr'><strong>omni</strong></span> <span class='ocrx_word' id='word_1_258' title='bbox 792 2698 979 2738; x_wconf 87' lang='lat' dir='ltr'><strong>dimisso</strong></span> <span class='ocrx_word' id='word_1_259' title='bbox 1004 2698 1137 2739; x_wconf 89' lang='lat' dir='ltr'><strong>devio</strong></span> <span class='ocrx_word' id='word_1_260' title='bbox 1161 2699 1218 2739; x_wconf 91' lang='lat' dir='ltr'><strong>ad</strong></span> <span class='ocrx_word' id='word_1_261' title='bbox 1239 2699 1358 2739; x_wconf 88' lang='lat' dir='ltr'><strong>viam</strong></span> <span class='ocrx_word' id='word_1_262' title='bbox 1381 2699 1648 2741; x_wconf 80' lang='lat' dir='ltr'><strong>obedientiae</strong></span> <span class='ocrx_word' id='word_1_263' title='bbox 1665 2701 1836 2750; x_wconf 87' lang='lat' dir='ltr'><strong>redeat,</strong></span> 
     </span>
    </p>
   </div>
   <div class='ocr_carea' id='block_1_14' title="bbox 606 2794 1806 2835">
    <p class='ocr_par' dir='ltr' id='par_1_14' title="bbox 606 2794 1806 2835">
     <span class='ocr_line' id='line_1_46' title="bbox 606 2794 1806 2835; baseline 0.003 -9"><span class='ocrx_word' id='word_1_264' title='bbox 606 2794 612 2811; x_wconf 96' lang='lat'><strong>¹</strong></span> <span class='ocrx_word' id='word_1_265' title='bbox 639 2796 647 2812; x_wconf 93' lang='lat'>‘</span> <span class='ocrx_word' id='word_1_266' title='bbox 660 2795 886 2835; x_wconf 84' lang='lat' dir='ltr'><strong>crescentem,’</strong></span> <span class='ocrx_word' id='word_1_267' title='bbox 903 2796 1004 2827; x_wconf 90' lang='lat' dir='ltr'>MSS.</span> <span class='ocrx_word' id='word_1_268' title='bbox 1022 2796 1109 2828; x_wconf 85' lang='lat' dir='ltr'><strong>Con.</strong></span> <span class='ocrx_word' id='word_1_269' title='bbox 1122 2796 1215 2828; x_wconf 88' lang='lat' dir='ltr'><strong>Trin.</strong></span> <span class='ocrx_word' id='word_1_270' title='bbox 1233 2796 1274 2827; x_wconf 84' lang='lat' dir='ltr'><strong>R.</strong></span> <span class='ocrx_word' id='word_1_271' title='bbox 1293 2799 1325 2835; x_wconf 89' lang='lat'><strong>5,</strong></span> <span class='ocrx_word' id='word_1_272' title='bbox 1342 2799 1395 2835; x_wconf 90' lang='grc'><strong>10,</strong></span> <span class='ocrx_word' id='word_1_273' title='bbox 1412 2796 1477 2827; x_wconf 85' lang='lat' dir='ltr'><strong>and</strong></span> <span class='ocrx_word' id='word_1_274' title='bbox 1493 2796 1583 2828; x_wconf 87' lang='lat' dir='ltr'><strong>Cott.</strong></span> <span class='ocrx_word' id='word_1_275' title='bbox 1601 2797 1692 2828; x_wconf 86' lang='lat' dir='ltr'><strong>Nero</strong></span> <span class='ocrx_word' id='word_1_276' title='bbox 1709 2797 1753 2830; x_wconf 88' lang='lat' dir='ltr'><strong>D.</strong></span> <span class='ocrx_word' id='word_1_277' title='bbox 1770 2798 1806 2830; x_wconf 87' lang='lat' dir='ltr'><strong>ii.</strong></span> 
     </span>
    </p>
   </div>
   <div class='ocr_carea' id='block_1_15' title="bbox 1976 1010 2038 3306">
    <p class='ocr_par' dir='ltr' id='par_1_15' title="bbox 1976 1010 2038 3306">
     <span class='ocr_line' id='line_1_47' title="bbox 1976 1010 2038 3306; baseline 0 0"><span class='ocrx_word' id='word_1_278' title='bbox 1976 1010 2038 3306; x_wconf 95' lang='lat' dir='ltr'><strong> </strong></span> 
     </span>
    </p>
   </div>
  </div>
 </body>
</html>
