2038 3306
328 433 447 458 Edward
460 432 483 458 1.

324 467 357 492 A.
373 467 406 491 D.
424 466 495 491 1298.

308 526 368 552 The
380 527 436 552 Isle
448 526 481 552 ot

309 562 398 585 Arran
411 563 504 589 araut-

313 593 346 617 αἱ
359 595 388 618 to
397 593 472 618 Tho-

308 632 370 650 mas
383 626 417 650 de

308 659 409 684 Blsset.

306 766 472 791 Dlscontent

305 799 336 823 of
345 800 393 824 the
406 799 485 825 Earls

304 832 334 857 of
344 833 371 857 N
373 833 461 858 orsolk

304 866 359 890 and
372 866 461 891 Here·

304 899 372 924 ford.

304 963 365 988 The
379 963 455 996 King

305 997 385 1022 holds
397 1004 414 1021 a

303 1030 413 1054 conncil
425 1032 454 1055 at

304 1062 429 1088 Carlisle.

297 1810 352 1835 and
366 1811 476 1836 returns

298 1845 328 1869 to
340 1844 479 1876 England.

306 2466 342 2492 A.
353 2466 388 2493 D,
405 2469 478 2494 1299.

523 305 607 346 182
1009 314 1287 348 cunomcon

523 420 639 475 ejus,
660 425 706 461 et
728 418 979 472 acquisisse
994 417 1094 477 jam
1122 420 1305 462 nomine
1337 419 1482 473 ipsius
1503 412 1693 462 eandem
1711 421 1781 462 in-

469 502 497 505 *
523 486 671 527 sulam
706 485 762 526 de
795 484 930 533 Arce,
953 497 1091 539 quam
1123 485 1210 527 sibi
1239 491 1286 528 et
1308 486 1562 527 haeredibus
1595 487 1690 528 suis
1721 488 1779 528 ab

523 552 623 605 ipso
656 564 762 604 rege
799 551 931 605 petiit
968 551 1200 604 perpetuis
1225 552 1505 605 temporibus
1542 553 1779 605 possiden-

524 617 656 668 dam3
690 617 1038 671 acceptavitque
1065 629 1146 658 rex
1172 617 1395 658 mittentis
1421 616 1609 667 factum,
1630 623 1677 660 et
1699 632 1779 672 pe—

525 683 726 724 titionem
760 695 898 736 quam
934 682 1105 723 fecerat
1137 682 1310 735 absque
1341 682 1532 724 consilio
1562 684 1779 725 comitum

524 748 823 790 confirmavit.
912 747 1047 799 Quod
1084 747 1321 790 audientes
1355 748 1561 798 comites,
1605 748 1780 790 scilicet

524 814 819 856 marescallus
850 819 897 856 et
930 813 1299 864 Herefordensis,
1333 813 1546 855 admirati
1577 819 1701 864 sunt,
1725 827 1781 855 eo

524 881 645 934 quod
676 881 947 934 promiserat
977 893 1026 921 se
1057 879 1170 920 nihil
1204 880 1311 920 novi
1344 879 1569 921 facturum
1605 880 1780 933 absque

523 959 678 987 eorum
696 959 886 987 assensu
903 951 949 987 et
962 945 1163 988 consilio.
1221 945 1281 987 Et
1294 958 1396 986 cum
1414 951 1535 986 esset
1552 958 1635 986 rex
1656 945 1778 999 apud

524 1011 774 1053 Carliolum
801 1012 1030 1065 petierunt
1052 1024 1081 1052 a
1100 1024 1207 1064 rege
1231 1010 1510 1065 repatriandi
1530 1010 1778 1061 licentiam,

522 1077 779 1131 allegantes
814 1078 1046 1132 jacturam
1082 1076 1330 1118 maximam
1370 1082 1417 1118 et
1462 1076 1778 1129 fatigationem

523 1143 753 1184 hominum
778 1148 825 1184 et
848 1156 1083 1196 equorum,
1105 1147 1481 1195 recesseruntque
1510 1142 1605 1192 sic;
1638 1147 1684 1183 et
1707 1155 1779 1184 re-

521 1210 687 1250 mansit
739 1209 905 1250 ibidem
947 1221 1029 1249 rex
1081 1221 1182 1249 cum
1222 1208 1514 1260 magnatibus
1556 1206 1777 1260 plurimis,
1796 1242 1805 1249 .

520 1275 757 1327 tenuitque
817 1274 1166 1327 parliamentum
1226 1286 1359 1314 suum
1415 1272 1535 1314 infra
1586 1278 1779 1315 octavas

520 1339 679 1380 Beatae
719 1339 947 1391 Virginis,
986 1344 1033 1380 et
1070 1339 1325 1392 assignavit
1364 1343 1409 1379 et
1450 1338 1576 1379 dedit
1611 1338 1658 1379 in
1694 1352 1777 1392 spe

518 1406 810 1458 magnatibus
846 1405 941 1446 suis
976 1410 1122 1446 terras
1151 1405 1320 1446 multas
1350 1409 1617 1457 magnatum
1646 1405 1778 1458 regni

518 1470 702 1520 Scotiae,
727 1471 902 1513 scilicet
931 1471 1177 1512 comitatus
1213 1471 1454 1512 comitibus
1485 1475 1532 1512 et
1563 1471 1776 1513 baronias

518 1537 794 1588 baronibus3
834 1536 1018 1579 Vallem
1045 1541 1199 1577 tamen
1223 1535 1449 1578 Anandiae
1482 1549 1565 1578 nec
1590 1535 1776 1579 Galwa-

517 1602 642 1652 liam,
678 1608 722 1644 et
758 1603 979 1655 quosdam
1010 1603 1253 1644 comitatus
1287 1602 1455 1643 nemini
1489 1602 1771 1654 assignavit:

518 1669 613 1718 sed,
638 1673 690 1709 ut
712 1668 892 1719 dicitur,
917 1682 976 1709 ex
1004 1681 1146 1709 causa
1176 1668 1353 1709 distulit
1382 1681 1439 1709 ne
1470 1668 1774 1710 excandesce-

519 1740 620 1775 rent
669 1734 857 1775 comites
901 1735 980 1787 qui
1033 1734 1170 1788 paulo
1213 1739 1322 1776 ante
1373 1738 1653 1776 recesserant
1691 1747 1775 1776 nec

516 1800 666 1841 sortiti
682 1805 787 1841 sunt
805 1805 982 1853 partem
994 1800 1111 1842 inter
1123 1813 1256 1853 pares
1268 1812 1392 1842 suos.
1430 1799 1536 1851 Quo
1550 1799 1688 1850 facto,
1703 1813 1773 1841 re·

515 1878 674 1907 versus
696 1870 766 1907 est
786 1879 867 1907 rex
884 1879 1028 1920 usque
1050 1866 1345 1914 Dunolmum‚
1358 1866 1515 1907 volens
1535 1866 1622 1907 iter
1641 1878 1773 1907 suum

515 1931 708 1984 dirigere
740 1932 797 1973 ad
833 1937 986 1985 partes
1024 1932 1276 1983 australes3
1320 1931 1398 1973 sed
1433 1936 1622 1986 accepto
1658 1945 1774 1973 nun-

514 1998 584 2039 cio
614 1998 735 2051 quod
766 1998 1079 2039 coadunarent
1111 2011 1161 2039 se
1193 1998 1333 2048 Scoti,
1366 2011 1577 2039 reversus
1611 2003 1695 2048 est,
1725 2003 1772 2040 et

513 2063 607 2104 fere
653 2076 800 2117 usque
845 2063 890 2104 N
894 2064 1015 2105 atale
1067 2068 1271 2105 moratus
1318 2064 1441 2117 apud
1492 2063 1769 2106 Tinemowe.

518 2129 688 2170 Natale
745 2141 853 2170 vero
906 2129 1054 2171 tenuit
1111 2129 1231 2183 apud
1283 2129 1589 2182 Cothingham
1629 2129 1772 2184 juxta

515 2195 828 2237 Beverlacum.

576 2344 784 2385 Dissensio
808 2344 916 2385 inter
939 2345 1086 2399 Reyem
1098 2349 1134 2385 et
1157 2343 1327 2384 Comites
1340 2348 1516 2398 propter
1539 2343 1702 2384 omas.

578 2458 692 2500 Post
729 2463 919 2512 peracta
960 2458 1228 2500 solemniter
1256 2462 1553 2499 sacrosancta
1598 2456 1770 2499 Christi

507 2524 733 2575 natalitia,
756 2525 971 2566 transivit
998 2538 1081 2566 rex
1108 2523 1401 2573 Humbriam‚
1427 2523 1614 2564 tendens
1644 2522 1766 2564 Lon-

506 2590 664 2631 donias
683 2604 764 2644 per
781 2590 984 2632 modicas
1005 2590 1179 2640 dietas;
1215 2590 1452 2642 tenuitque
1471 2588 1637 2629 ibidem
1659 2601 1765 2642 par-

505 2655 770 2697 liamentum
792 2670 925 2698 suum
952 2657 999 2697 in
1020 2656 1243 2710 principio
1267 2654 1661 2707 Quadragesimae,
1685 2655 1764 2696 ubi

505 2735 583 2774 per
618 2723 860 2775 praedictos
905 2722 1110 2772 comites,
1148 2720 1466 2762 marescallum
1503 2719 1679 2761 scilicet
1717 2725 1764 2762 et

505 2786 903 2838 Herefordensem,
927 2788 1049 2830 facta
1074 2793 1144 2830 est
1167 2787 1399 2830 contentio
1422 2799 1591 2840 magna
1624 2799 1764 2840 super
