2038 3306
549 326 634 368 180
1035 339 1096 369 cn
1104 339 1312 370 RONlcoN

351 446 474 472 mura
488 446 512 471 1·
554 445 584 463 “
598 442 780 482 missam
805 441 1034 483 celebrare
1054 443 1094 483 si
1117 442 1244 492 velis,
1263 443 1480 496 quoniam
1502 441 1574 482 die
1598 440 1684 482 hac
1705 453 1808 493 quae

353 481 387 505 A.
396 480 432 505 D.
448 480 524 505 1298.

339 534 432 560 natue
444 533 476 559 ol

339 567 453 593 Falklrk
458 586 464 592 .

556 507 612 548 ad
631 507 836 548 militiam
855 507 1084 560 pertinent
1105 521 1186 548 nos
1203 521 1358 549 omnes
1374 507 1639 548 faciemus.”
1703 506 1811 546 Fes-

558 573 925 626 tinaveruntque‚
966 578 1012 614 et
1063 574 1210 626 primo
1256 573 1496 614 Scotorum
1549 572 1812 614 circulose

556 638 713 679 statim
755 643 859 692 post
899 638 1271 693 conjunxerunt3
1315 639 1503 679 comites
1544 651 1652 679 vero
1695 649 1813 689 prae-

557 704 666 744 dicti
690 716 791 744 cum
814 704 911 745 acie
935 705 1081 758 prima
1102 717 1159 745 ex
1177 709 1307 758 parte
1328 703 1474 745 altera
1492 707 1813 744 convenerunt.

560 769 768 823 Moxque
797 770 1083 812 venientibus
1110 770 1295 819 nostris,
1331 769 1546 822 fugerunt
1575 768 1815 809 Scotorum

560 840 796 888 equestres
832 836 1004 890 absque
1036 835 1131 877 ullo
1163 835 1306 888 gladii
1338 835 1448 884 ictu,
1473 834 1632 888 paucis
1663 838 1815 874 tamen

561 902 914 951 remanentibus,
937 908 983 943 et
1019 901 1082 942 hii
1111 901 1292 955 quidem
1323 900 1379 942 ad
1411 899 1709 941 ordinandum
1732 898 1819 939 cir-

562 967 690 1008 culos
717 966 1011 1020 pedestrium,
1035 967 1113 1020 qui
1142 966 1324 1020 quidem
1348 966 1505 1007 circuli
1535 966 1821 1007 vocabantur

564 1032 911 1074 ‘schiltrouns.’¹
952 1033 1082 1074 Inter
1094 1045 1210 1086 quos
1227 1032 1368 1073 frater
1383 1031 1619 1073 senescalli
1636 1030 1818 1079 Scotiae,

565 1110 669 1139 cum
707 1099 963 1140 ordinasset
999 1099 1123 1140 viros
1158 1098 1423 1151 sagittarios
1462 1097 1518 1138 de
1557 1096 1729 1138 foresta
1762 1095 1818 1135 de

565 1163 778 1217 Selkyrk,
809 1177 918 1205 casu
953 1177 1011 1205 ex
1047 1176 1165 1217 equo
1200 1164 1378 1212 cecidit,
1413 1168 1458 1203 et
1487 1163 1608 1203 inter
1637 1161 1819 1202 eosdem

563 1229 830 1281 sagittarios
882 1229 1060 1271 occisus
1107 1233 1206 1280 est;
1258 1229 1660 1269 circumsteterunt
1702 1226 1822 1267 enim

564 1307 667 1334 eum
698 1294 834 1335 iidem
871 1295 1116 1348 sagittarii,
1147 1299 1192 1335 et
1226 1302 1329 1334 cum
1363 1306 1417 1335 eo
1451 1297 1719 1334 corruerunt
1740 1291 1820 1332 ho-

565 1360 708 1400 mines
740 1360 921 1413 quidem
958 1360 1179 1413 elegantis
1211 1359 1368 1401 formae
1403 1364 1449 1400 et
1484 1371 1686 1412 procerae
1725 1363 1820 1399 sta-

566 1430 696 1466 turae.
768 1425 1026 1479 Peremptis
1053 1427 1209 1479 itaque
1233 1425 1502 1478 sagittariis,
1526 1424 1749 1465 dederunt
1772 1435 1823 1464 se

566 1491 709 1531 nostri
741 1491 796 1532 ad
836 1491 999 1533 Scotos
1034 1491 1304 1541 lancearios,
1329 1491 1424 1544 qui,
1451 1496 1502 1532 ut
1532 1491 1703 1531 dictum
1735 1494 1820 1538 est,

565 1557 788 1598 sedebant
810 1558 856 1598 in
881 1557 1062 1599 circulis
1083 1570 1186 1598 cum
1218 1557 1388 1597 lanceis
1420 1556 1667 1609 obliquatis
1698 1560 1744 1596 et
1774 1554 1821 1595 in

566 1622 751 1663 modum
781 1623 909 1663 silvae
938 1623 1191 1664 condensae.
1262 1623 1476 1675 Dumque
1510 1634 1601 1663 non
1635 1625 1824 1674 possent

567 1692 801 1740 equestres
846 1688 1023 1741 ingredi
1070 1701 1163 1742 prae
1211 1687 1505 1729 multitudine
1538 1688 1822 1734 ‘lanceat-um,

567 1759 890 1805 percusserunt
921 1754 1173 1795 exteriores
1205 1758 1252 1794 et
1285 1753 1633 1807 perforaverunt
1667 1752 1822 1805 plures

567 1818 737 1859 lanceis
759 1820 868 1860 suis.
939 1820 1026 1861 Sed
1050 1825 1095 1860 et
1115 1819 1350 1872 pedestres
1372 1820 1517 1860 nostri
1540 1818 1826 1870 sagittabant

568 1896 664 1934 eos,
696 1890 741 1926 et
784 1885 970 1938 quidam
1009 1886 1162 1926 allatis
1196 1885 1406 1926 rotundis
1434 1884 1678 1938 lapidibus,
1711 1896 1824 1936 quo-

568 1962 669 1990 rum
705 1957 805 1992 erat
836 1951 898 1991 ibi
932 1951 1176 1992 multitudo
1208 1951 1408 2004 copiosa,
1432 1950 1701 2004 lapidabant
1731 1962 1824 1990 eOS.

571 2014 630 2056 Et
663 2016 727 2056 sic
755 2016 912 2057 multis
935 2017 1187 2058 interfectis
1220 2021 1266 2057 et
1295 2017 1397 2057 aliis
1422 2016 1647 2065 attonitis,
1669 2016 1747 2068 qui
1777 2015 1825 2055 in

570 2085 778 2123 extrema
819 2087 950 2135 parte
996 2083 1268 2124 circulorum
1313 2082 1563 2123 extiterant
1610 2092 1824 2122 recurva—

569 2147 737 2187 bantur
756 2148 801 2187 in
826 2148 940 2189 alios
964 2148 1127 2202 reliqui
1151 2148 1419 2198 exteriores,
1433 2153 1479 2189 et
1500 2147 1694 2200 ingressi
1718 2152 1827 2187 sunt

570 2217 802 2264 equestres
838 2218 1075 2255 vastantes
1117 2215 1285 2255 omnia.
1367 2213 1739 2266 Corrueruntque
1769 2225 1827 2254 ex

571 2277 721 2320 Scotis
741 2279 787 2319 in
815 2279 886 2320 die
908 2279 1004 2329 illa,
1026 2285 1195 2332 praeter
1221 2281 1482 2321 submersos
1508 2280 1693 2326 multos,
1717 2292 1827 2332 quo-

570 2356 668 2384 rum
706 2345 905 2386 nescitur
939 2359 1170 2396 numerus,
1206 2350 1251 2387 et
1293 2350 1460 2398 praeter
1496 2346 1627 2399 quasi
1663 2345 1828 2398 viginti

571 2415 821 2462 equestres,
854 2411 1187 2464 quinquaginta
1219 2411 1362 2452 millia
1392 2412 1595 2464 peditum
1618 2423 1828 2452 numera-

570 2475 752 2516 torum.2
811 2476 926 2517 Erat
955 2482 1108 2518 autem
1142 2477 1383 2518 Scotorum
1414 2478 1642 2518 exercitus
1674 2490 1826 2518 nume-

571 2546 717 2591 ratus,
751 2547 804 2583 ut
842 2542 1053 2585 dicebant
1089 2543 1167 2595 qui
1205 2543 1328 2595 capti
1369 2548 1490 2592 sunt,
1529 2543 1662 2596 quasi
1701 2543 1825 2583 mille

570 2613 804 2659 equestres
853 2609 1034 2657 armati,
1092 2613 1139 2649 et
1178 2608 1384 2661 peditum
1433 2608 1566 2661 quasi
1619 2613 1828 2650 trecenta

617 2756 625 2775 ¹
651 2757 661 2774 ‘
673 2757 895 2796 sceltrounis‚'
912 2757 988 2788 MS.
1007 2757 1132 2788 Lansd.
1213 2756 1282 2787 loss
1298 2756 1336 2786 of
1346 2756 1402 2787 the
1419 2756 1513 2788 Scots
1525 2760 1559 2788 at
1575 2757 1680 2789 above
1696 2760 1827 2799 60‚000,

614 2800 628 2821 ²
649 2803 879 2843 Walsiugham
915 2804 1086 2836 estimates
1125 2802 1180 2834 the
1214 2802 1328 2833 Trivet
1344 2805 1379 2835 at
1393 2803 1497 2835 above
1514 2806 1633 2843 20,000
1646 2814 1732 2837 men.
